2768 4552
582 327 824 386 -70-.

153 498 319 557 missarum
352 497 518 557 celebratio
548 514 606 557 non
634 497 742 572 paucis
770 498 827 558 sed
850 499 954 557 multis
978 498 1130 573 prodesse
1154 515 1225 558 cre-

152 599 257 672 datur,
280 600 392 670 dicere,
415 607 558 660 caeteros
581 599 610 656 in
634 598 695 658 lide
718 605 749 659 et
777 602 805 658 in
836 601 1003 661 devotione
1025 597 1224 660 offerentium

153 709 183 761 et
205 701 497 761 communicantium
515 701 720 776 persistentes
736 700 876 761 eiusdem
900 700 1065 763 oblationis
1089 706 1119 759 et
1136 715 1225 760 com·

153 804 309 866 munionis
342 803 401 862 dici
433 809 464 862 et
498 819 570 862 esse
596 803 775 880 participes.
825 804 972 878 Quamvis
1002 808 1121 874 autem,
1151 818 1223 862 cum

154 907 212 966 soli
246 906 580 993 sacerdotesmissas
617 905 790 976 celebrant,
828 905 965 980 intellegi
1004 906 1116 980 possit,
1150 905 1225 966 illos

153 1009 294 1068 eiusdem
324 1008 455 1069 actionis
484 1023 556 1066 esse
580 1016 813 1084 cooperatores,
836 1023 892 1080 pro
917 1007 1127 1082 quibustuae
1152 1009 1226 1084 ipsa

153 1110 347 1171 celebrantur
390 1109 491 1170 ol‘licia
534 1117 564 1169 et
597 1127 728 1185 quorum
767 1125 932 1185 personam
967 1110 996 1167 in
1032 1109 1224 1184 quibusdam

152 1212 413 1289 responsionibus
444 1213 592 1272 sacerdos
624 1212 803 1288 exequitur,
840 1217 944 1271 tamen
975 1212 1135 1272 latendum
1165 1219 1225 1285 est,

152 1315 235 1375 illam
271 1330 344 1374 esse
372 1315 538 1390 legitimam
569 1315 710 1385 missam,
739 1314 788 1373 cui
811 1314 965 1372 intersunt
988 1314 1150 1389 sacerdos
1174 1331 1226 1374 re-

153 1419 327 1493 spondens,
362 1416 495 1476 efferens
529 1423 622 1491 atque
652 1417 898 1489 communicans,
930 1415 1011 1474 sicut
1038 1415 1108 1490 ipsa
1137 1431 1225 1476 com-

153 1519 264 1595 positio
287 1533 413 1592 precum
444 1519 579 1580 evidenti
606 1519 726 1578 ratione
750 1518 948 1577 demonstrat.
994 1517 1150 1578 statutum
1175 1527 1228 1579 est

152 1627 255 1678 autem
280 1622 488 1684 aurelianensi
503 1620 660 1692 concili01,
684 1626 716 1678 ut
736 1620 870 1695 populus
885 1628 957 1679 ante
973 1619 1224 1682 benedictionem

152 1724 326 1782 sacerdotis
350 1739 410 1782 non
434 1721 612 1796 egrediatur
635 1722 672 1780 de
696 1722 808 1792 missa,
833 1738 912 1798 quae
936 1721 1109 1783 benedictio
1133 1724 1225 1782 intel-

153 1825 265 1898 legitur
287 1826 339 1883 illa
361 1826 467 1885 ultima
491 1824 662 1884 sacerdotis
686 1823 809 1883 oratio.2

622 2183 745 2252 XXIV.

499 2355 552 2423 Be
579 2357 726 2444 tempore
752 2355 880 2422 tremene.

217 2540 354 2615 Tempus
387 2548 490 2599 autem
521 2540 636 2598 missae
669 2539 827 2597 l'aciendae
863 2538 1033 2597 secundum
1068 2537 1227 2598 rationem

152 2641 383 2700 solemnitatum
400 2643 557 2701 diversum
575 2647 631 2701 est.
670 2641 826 2700 Interdum
844 2640 943 2699 enima
964 2647 1037 2700 ante
1052 2636 1227 2714 meridiem,

154 2742 305 2802 interdum
340 2745 422 2802 circa
449 2761 580 2816 nonam,
610 2743 780 2818 aliquando
804 2743 843 2802 ad
867 2757 1045 2817 vesperam,
1068 2741 1227 2802 interdum

155 2853 248 2906 noctu
273 2846 456 2907 celebratur.
507 2847 584 2906 Nam
607 2845 817 2921 Telesphorus
849 2859 931 2920 papa
963 2843 1155 2916 constitnitl,
1190 2851 1228 2904 nt

222 2995 284 3058 all,
302 2996 386 3045 etiam.

225 3129 395 3182 1Concilium
418 3132 596 3183 aurelianense
619 3146 687 3181 anno
709 3133 756 3182 511
781 3145 802 3180 c.
821 3129 902 3180 XXVI
925 3131 1067 3182 constituit:
1092 3143 1169 3191 „cum
1193 3130 1229 3181 ad

152 3216 320 3268 celebrandas
343 3219 435 3268 missas
457 3219 485 3268 in
507 3218 552 3268 Dei
575 3217 680 3267 nomine
702 3217 866 3276 convenitur,
889 3217 1001 3281 populus
1024 3230 1076 3265 non
1094 3218 1153 3264 ante
1171 3214 1228 3266 dis·

152 3302 226 3352 cedat
244 3316 322 3366 quam
340 3303 434 3352 missae
453 3302 600 3353 solemnitas
617 3300 788 3364 compleatur,
812 3307 837 3351 et
855 3301 899 3352 ubi
916 3302 1052 3366 episcopus
1069 3314 1122 3349 non
1139 3298 1227 3362 luerit,

152 3387 357 3437 benedictionem
380 3388 487 3451 accipiat
509 3387 669 3437 sacerdotis.“
710 3385 828 3436 Mansit.
846 3385 910 3436 Vlll.
953 3386 1001 3437 Clr.
1021 3384 1123 3448 bisti,
1142 3397 1163 3433 c.
1183 3386 1229 3446 65,

154 3471 190 3520 De
207 3477 345 3523 consecrat.
362 3501 395 3508 -
416 3474 427 3508 ²
444 3471 480 3522 De
499 3471 548 3533 „lte
562 3471 640 3520 missa
652 3474 713 3532 est“,
731 3471 774 3522 clr.
793 3471 859 3519 inlra
877 3470 987 3534 append.
1006 3487 1030 3520 n.
1043 3470 1061 3530 l,
1074 3485 1100 3533 p.
1114 3460 1173 3520 103.
1191 3499 1228 3506 -

155 3559 167 3594 ³
187 3555 266 3616 „Nam
290 3558 361 3607 omni
384 3562 499 3621 tempore
519 3560 576 3606 ante
600 3554 678 3604 horae
702 3555 789 3604 tertiae
814 3568 918 3604 cursum
940 3554 1028 3604 nullus
1052 3560 1229 3618 praesumeret

155 3640 245 3690 missas
256 3641 393 3701 celebrare,
405 3656 456 3706 qua
468 3641 532 3690 hora
543 3639 669 3689 Dominus
682 3643 766 3688 noster
778 3639 891 3690 ascendit
901 3644 1026 3691 crucem.“
1046 3638 1128 3689 Duch.
1140 3637 1160 3699 1,
1168 3641 1227 3691 129.

153 3724 269 3789 Epistula
301 3725 450 3793 apocrypha
477 3741 492 3774 a
518 3724 627 3774 Damaso
657 3723 690 3773 ad
716 3723 904 3792 Hieronymum
931 3723 1002 3784 data,
1029 3727 1056 3774 ut
1082 3723 1124 3773 hie
1152 3737 1226 3774 com·

154 3816 316 3871 memoretur,
334 3811 412 3874 digna
430 3825 484 3860 esse
497 3809 607 3861 videtur.
635 3808 766 3860 Invenitur
778 3810 804 3859 in
816 3809 907 3860 eodem
921 3807 1009 3859 codice
1022 3806 1089 3858 StG.
1102 3807 1145 3857 iol.
1166 3807 1226 3869 204,

152 3895 198 3958 qui
220 3897 331 3946 continet
352 3899 468 3945 nostrum
493 3893 624 3946 Strabonis
647 3893 764 3945 libellum
788 3900 812 3946 et
828 3900 866 3946 est
884 3895 958 3944 haec:
986 3892 1134 3958 „Inquisitio
1155 3893 1225 3944 beati
