2768 4552
648 316 855 376 ..96-

219 483 359 543 solitama
381 484 557 559 inguinaria
580 481 666 544 luesb
692 483 791 562 primo
812 484 936 560 Pelagio
959 499 1042 562 papa
1064 487 1202 547 extincto
1230 494 1307 563 po.‘

217 587 322 660 pulum
354 592 493 646 vastaret
522 602 701 659 romanum3
733 587 802 661 quic
832 592 906 647 tunc
933 602 970 646 eo
1002 587 1094 648 modo
1122 594 1285 665 septenam

217 687 370 748 ordinavit
392 690 565 758 laetaniam,
590 689 669 747 sicut
685 687 799 748 Paulus
823 689 853 747 in
876 692 972 764 gestis
987 690 1288 764 Langobardorumd

217 799 452 879 commemorat,
483 798 516 849 ut
548 797 730 864 precaturos
758 790 925 850 Dominum
955 792 986 850 in
1016 799 1136 868 septem
1164 800 1286 865 turmas
1350 840 1354 845 -

216 892 425 962 distribueret,
448 908 510 968 quo
537 892 682 967 pietatem
706 893 822 952 domini
849 894 1046 969 multiplicius
1074 895 1286 970 implorarent.

216 995 274 1069 „Iu
291 997 395 1073 primo
413 996 509 1056 ebore
528 997 594 1070 fuit
609 996 722 1068 clerus,
747 998 777 1055 iu
799 996 934 1056 secundo
951 1012 1053 1056 omnes
1072 999 1286 1060 obdurescunt
1374 1030 1376 1034 ·

215 1093 375 1158 monacbis
403 1100 478 1175 sub,
507 1102 539 1158 iu
569 1100 661 1158 tertio
684 1113 788 1158 omues
818 1099 992 1160 abbatissae
1016 1117 1084 1160 cum
1108 1117 1285 1177 concrepu-

216 1202 346 1262 tionibus
367 1205 439 1276 sur‘s,
465 1203 495 1260 iu
516 1206 629 1276 prrurlo
645 1215 748 1261 omues
764 1203 868 1278 pueri,
892 1204 922 1260 r'u
946 1205 1050 1277 quinto
1068 1219 1171 1262 omnes
1194 1207 1282 1280 laici,
1334 1235 1337 1240 ·

215 1305 245 1362 ln
268 1310 356 1363 sextu
380 1319 483 1364 emeres
512 1304 637 1378 uiduae,
669 1306 700 1362 iu
722 1306 850 1379 septimo
874 1321 976 1365 omnes
1002 1307 1148 1365 mulieres
1175 1311 1282 1367 eoniu-

212 1405 352 1478 putue.“¹
390 1404 566 1464 Triduanae
588 1407 692 1464 autem
717 1405 877 1474 laetaniae,
900 1421 981 1480 quae
1004 1407 1152 1481 proximis
1169 1407 1283 1469 diebus

214 1516 285 1565 ante
309 1507 525 1566 ascensionem
552 1506 671 1565 Domini
692 1521 802 1566 ¹annue
829 1522 884 1582 per
908 1522 1017 1566 omnes
1040 1507 1206 1571 Galliarum
1229 1513 1282 1570 vel

214 1608 397 1667 Germaniae
420 1609 568 1668 eeclesias
586 1608 788 1681 celebrantur,
811 1610 840 1667 in
859 1607 963 1668 Galliis
986 1615 1059 1667 sunt
1081 1611 1278 1672 constitutae.

212 1711 416 1783 Temporibus
434 1712 588 1787 siquidem
604 1711 784 1784 Chlodovei,
806 1711 890 1786 regis
913 1712 1107 1784 Francorum,
1131 1715 1185 1791 qui
1208 1729 1279 1774 curn

212 1819 302 1887 gente
337 1829 394 1875 sua
429 1815 546 1887 primus
581 1812 769 1873 christianus
804 1813 934 1874 effeetus
964 1819 1026 1884 est,
1061 1814 1131 1873 dum
1168 1815 1280 1875 civitas

211 1913 435 1974 Viennensium
463 1915 573 1975 crebro
598 1923 698 1974 terrae
725 1923 810 1975 motu
833 1915 1034 1975 subrueretur
1056 1923 1087 1974 et
1108 1914 1279 1978 bestiarum

212 2018 406 2078 desolaretur
430 2019 570 2093 incursu,
600 2024 727 2077 sanctus
750 2017 947 2091 Mamertus2,
978 2018 1117 2077 eiusdem
1145 2017 1278 2079 civitatis

211 2121 384 2196 episeopus,
415 2136 471 2180 eas
499 2120 612 2195 legitur
640 2136 696 2194 pro
721 2120 811 2179 malis
841 2135 921 2196 quae
946 2119 1164 2195 praemisimus
1195 2119 1280 2179 ordi-

211 2238 318 2294 nasse,
352 2237 430 2297 quas
457 2219 683 2283 aurelianensis
717 2223 879 2300 synodus³
907 2229 937 2283 et
968 2236 1006 2281 eo
1038 2228 1177 2295 tempore
1208 2217 1277 2279 lieri

129 2396 132 2400 ⁴
208 2326 294 2386 iubet
326 2330 357 2383 et
388 2325 426 2383 ab
450 2340 544 2400 opere
571 2326 684 2396 servili,
707 2323 751 2386 lut
778 2325 899 2400 plenius
929 2325 1133 2396 celebrentur,
1165 2337 1278 2382 omnes

208 2443 329 2487 vacare.
381 2428 511 2505 Hispani
540 2434 642 2488 autern
675 2431 803 2502 propter
832 2426 890 2486 hoc
918 2427 1001 2502 quod
1031 2428 1276 2500 scriptumest:

207 2547 268 2590 nou
296 2539 427 2605 possunt
456 2534 516 2604 filii
548 2533 652 2606 sponsi
685 2534 807 2605 rupere,
845 2533 992 2607 quamdiu
1026 2547 1095 2590 cum
1132 2531 1194 2589 illis
1231 2534 1279 2586 est

207 2635 368 2708 sponsusl,
400 2634 478 2693 inlra
508 2634 801 2709 quinquagesimam
828 2633 966 2708 paschae
990 2636 1172 2691 recusantes
1197 2629 1275 2690 ieiu-

207 2751 280 2793 nare
308 2736 458 2797 laetanias
487 2753 562 2796 suas
590 2743 663 2813 post
691 2741 891 2810 pentecosten
924 2741 1104 2812 posuerunt,
1128 2735 1156 2792 V
1179 2740 1209 2793 et
1231 2733 1274 2790 Vl

207 2844 236 2897 et
254 2839 307 2896 Vll
329 2840 421 2898 teriae
445 2841 581 2900 eiusdem
599 2839 783 2899 ebdomadis
802 2853 857 2899 eas
880 2838 1037 2898 iacientes.
1081 2836 1140 2896 Alii
1165 2851 1273 2896 eorum

204 2974 408 2983 —-—

273 3040 286 3067 ³
303 3039 343 3101 cir,
362 3041 472 3092 insolita.
499 3070 531 3078 -
558 3028 653 3102 bmlh,
670 3041 723 3104 ing.
743 3045 766 3090 et
789 3040 889 3091 insolita
910 3040 972 3090 lues.
1001 3069 1032 3076 -
1059 3036 1126 3098 οοε,
1143 3038 1212 3102 quia.
1240 3067 1271 3074 —

204 3109 218 3150 Ι
236 3124 269 3185 n,
288 3125 403 3190 longob.
421 3155 454 3163 -
473 3124 485 3153 θ
503 3142 541 3188 oe,
559 3127 636 3177 ferus.

277 3282 283 3315 ¹
302 3276 351 3329 Clr.
370 3278 453 3340 Pauli,
471 3279 535 3332 Hist.
553 3279 715 3344 Langobard.
733 3278 751 3328 l.
770 3279 808 3341 Ill,
827 3293 866 3344 cp.
885 3282 925 3330 24.
949 3277 982 3330 M.
1001 3275 1029 3328 G.
1048 3276 1094 3328 SS.
1112 3275 1228 3341 Langob.
1247 3282 1273 3327 et

203 3362 255 3414 ital.
282 3379 333 3416 sec.
350 3364 468 3426 Vl—IX‚
494 3380 520 3430 p.
541 3365 597 3417 105.
623 3393 657 3401 —
685 3368 696 3401 ²
721 3364 863 3429 Episcopus
892 3362 1041 3414 viennensis
1067 3363 1210 3414 los-llo.
1237 3389 1272 3399 -

203 3446 355 3516 ⁸Synodus
377 3448 560 3501 aurelianensis
583 3463 642 3501 ann.
665 3452 711 3501 511
737 3464 791 3500 ean.
809 3447 902 3498 xxvll
924 3446 1063 3498 constituit:
1092 3445 1302 3511 „Rogationes,.

200 3533 228 3584 id
249 3537 288 3584 est
309 3533 410 3584 litanias
437 3540 494 3585 ante
511 3533 694 3602 {ascensionem
717 3534 820 3584 Domini
842 3534 874 3584 ab
897 3533 1017 3584 omnibus
1040 3530 1155 3584 ecclesiis
1174 3529 1273 3596 placuit

200 3619 335 3680 celebrare
360 3620 395 3669 ita
418 3623 445 3668 ut
466 3620 637 3684 praemissum
658 3619 808 3670 triduanum
827 3619 952 3670 ieiunium
971 3619 998 3668 in
1015 3617 1160 3668 dominicae
1179 3630 1271 3668 ascen·

200 3705 280 3756 sionis
297 3705 432 3755 festivitate
449 3703 574 3765 solvatur;
599 3719 644 3768 per
661 3704 731 3770 quod
753 3704 866 3755 triduum
885 3704 952 3755 servi
975 3709 999 3754 et
1021 3703 1131 3754 ancillae
1148 3701 1181 3752 ab
1197 3704 1271 3754 omni

200 3804 276 3854 opere
294 3788 449 3849 relaxentur,
471 3805 522 3854 quo
541 3790 625 3853 magis
642 3788 714 3854 plebs
733 3790 855 3840 universa
873 3789 1029 3840 conveniat.“
1065 3786 1156 3850 blansi,
1173 3791 1191 3838 t.
1204 3785 1271 3849 vlll,

201 3877 258 3926 355.
277 3904 310 3910 -
330 3877 341 3910 ⁴
359 3873 446 3926 Matth.
464 3873 504 3937 lX,
524 3877 562 3926 15.
