2768 4552
541 347 773 410 -109-

123 519 153 578 in
176 519 230 578 illo
252 520 322 578 loco
345 517 451 578 Lohen
476 517 534 577 nisi
558 517 601 574 IV
624 516 681 575 viri
712 516 883 591 piscatores
907 522 937 574 et
967 517 1110 592 quotiens
1138 517 1195 574 mi·

123 622 219 683 nister
242 637 260 680 a
282 621 441 680 cellerario
466 617 674 696 piscatoribus
694 617 834 694 episcopi
857 617 989 690 iusserit,
1011 619 1110 696 parati
1134 620 1195 679 sint

124 724 164 783 ad
191 722 373 799 piscandum
406 727 529 797 propter
557 721 717 780 utilitatem
741 737 835 796 quam
866 719 905 779 de
933 732 1038 781 nostro
1069 721 1194 781 habent.

114 823 163 882 ‘Et
184 824 330 900 quotiens
353 838 373 882 a
393 837 492 896 pasca
514 822 553 882 ad
577 823 705 897 Hagene
727 822 757 880 in
784 823 950 899 paludibus
975 824 1057 882 etin
1081 822 1195 882 harun-

125 924 237 985 dinetis
259 925 337 985 locis
364 924 423 983 illis
447 925 489 983 lV
516 924 722 1000 piscatoribus
753 925 866 1000 piscari
889 925 1065 1001 precipitur,
1096 925 1195 998 parati

125 1026 187 1084 sint
210 1042 281 1087 eum
304 1027 437 1088 navibus
458 1034 489 1087 et
511 1028 579 1087 aliis
602 1027 815 1087 instrumentis
838 1027 1019 1102 piscalibus
1064 1026 1103 1084 Et
1125 1034 1196 1103 post

124 1128 325 1201 piscationem
350 1137 422 1189 eant
444 1129 483 1189 ad
515 1130 672 1189 cellarium
696 1134 727 1187 et
750 1128 901 1204 accipiant
927 1129 1100 1205 prandium,
1124 1139 1154 1188 et
1177 1144 1195 1188 a

125 1230 228 1290 natale
243 1230 367 1290 Domini
382 1232 527 1308 usquein
547 1230 666 1306 pascha
688 1230 718 1288 in
736 1229 865 1306 singulis
881 1231 1052 1292 Dominicis
1067 1233 1196 1291 veniant

127 1347 196 1391 eum
220 1332 286 1394 suis
310 1332 509 1409 piscibus'ad
535 1333 700 1393 cellarium.

188 1435 253 1495 Hec
270 1436 384 1495 omnia.
397 1436 478 1495 dicta
501 1451 571 1496 curn
588 1435 764 1496 senioribus
781 1437 894 1498 nostris
911 1436 1085 1506 statuimus,
1103 1437 1195 1495 celle-

126 1538 206 1596 rario
230 1539 360 1614 singulis
374 1539 467 1600 annis
490 1544 525 1600 ut
547 1537 730 1609 tribuantur,
755 1546 789 1599 ut
810 1541 918 1599 fratres
941 1554 997 1614 per
1020 1536 1079 1597 hee
1101 1538 1195 1598 abeo

127 1647 241 1700 statuto
264 1648 406 1717 ternpore
435 1642 568 1716 pleniter
589 1640 778 1701 reficiantur.
821 1641 888 1718 Ego
913 1643 1107 1700 Sneouartus
1129 1657 1196 1700 mo-

126 1743 245 1802 nachus
281 1750 312 1802 et
344 1743 495 1803 diaconus
530 1743 664 1802 scribbsi
698 1758 729 1803 et
762 1743 862 1817 sigillo
897 1742 999 1800 domni
1033 1743 1198 1818 [lucifredi

127 1845 249 1904 abbatis
273 1845 462 1919 consignavi.
509 1847 588 1903 Acta
611 1853 684 1905 sunt
705 1845 764 1904 hec
780 1844 881 1919 Angla
897 1845 964 1903 Kal.
983 1842 1066 1918 Sept.
1089 1845 1118 1902 in
1135 1853 1195 1904 nat.

129 1946 160 2005 S.
183 1948 308 2005 Verene
335 1946 474 2019 virginis.
518 1948 610 2005 Anno
641 1954 742 2007 autem
772 1947 944 2005 dominicae
973 1945 1195 2005 incarnationis

129 2045 335 2106 DGCGXLlll.
359 2047 500 2106 Feliciter
522 2063 624 2106 amen.

639 2458 696 2525 lv.

300 2642 374 2711 Vita
402 2641 589 2731 Walosrt‘di
613 2643 654 2712 ob
680 2642 799 2733 Epona
825 2640 1032 2710 adumbrato.

320 2806 388 2876 (Pez,
406 2807 484 2874 Thes.
502 2807 628 2859 anecdott.
647 2808 744 2860 noviss
762 2808 792 2859 Τ.
811 2806 829 2867 I,
848 2809 873 2868 3,
891 2821 915 2871 p.
936 2806 1004 2875 638.)
1095 2829 1100 2842 ·

193 2979 394 3050 WalalriduS,
418 2981 456 3040 de
472 2980 560 3040 cuius
584 2997 643 3056 ego
667 2980 781 3040 familia
804 2980 879 3040 nihil
901 2980 997 3039 literis
1020 2979 1199 3038 mandatum

59 3081 62 3087 '
129 3081 261 3158 reperio,
285 3090 378 3142 natus
402 3088 451 3142 est
480 3097 559 3141 anno
582 3083 642 3144 806
673 3090 704 3142 et
731 3083 871 3160 quintum
901 3082 1054 3141 decimum
1085 3097 1199 3140 annum

131 3198 228 3258 agens
250 3186 280 3244 in
298 3185 496 3260 augiensium
520 3185 650 3244 fratrum
674 3185 713 3245 ab
729 3186 864 3245 Hettone
883 3184 997 3245 abbate
1021 3184 1137 3242 relatus
1154 3188 1201 3242 est

131 3285 246 3346 album.
291 3289 322 3347 ln
339 3287 442 3362 Augia
466 3287 622 3360 magistris
645 3305 724 3349 usus
748 3294 797 3347 est
815 3287 939 3348 duobus
956 3285 1089 3346 maxime
1112 3290 1201 3361 prae-

132 3388 296 3465 stantibus,
318 3389 457 3449 Wettino
479 3403 590 3463 nempe
615 3395 646 3448 et
660 3390 800 3464 Tatlone,
824 3390 883 3449 sub
907 3390 1021 3466 quibus
1043 3386 1200 3460 ingenium

132 3502 223 3548 suurn
251 3491 294 3550 ita
322 3492 466 3564 excoluit
496 3497 532 3550 ut
561 3493 657 3551 ferme
685 3493 770 3568 quod
799 3493 933 3552 disceret
966 3489 1040 3549 nihil
1069 3489 1200 3548 ulterius

133 3603 300 3664 superesse
314 3595 488 3668 videretur;
511 3594 658 3670 pietatem
682 3600 784 3654 tamen
807 3602 837 3654 et
859 3593 1031 3670 simplicem
1049 3591 1201 3652 candidae

133 3693 244 3751 mentis
268 3698 435 3770 puritatem
451 3710 614 3772 nunquam
634 3698 778 3771 neglexit,
802 3697 894 3755 etiam
915 3712 985 3755 cum
1009 3694 1095 3753 libris
1117 3700 1201 3754 totus

134 3794 313 3856 crederetur
328 3815 399 3858 esse
415 3797 592 3858 immersus.
631 3798 731 3857 Tanta
746 3799 876 3872 scripsit,
901 3796 1005 3857 docuit
1019 3803 1050 3856 et
1066 3797 1202 3868 dictavit,

133 3903 250 3971 quanta
278 3899 308 3958 in
332 3899 457 3960 homine
480 3902 567 3961 rudis
589 3903 657 3960 eius
680 3901 798 3961 saeculi
821 3917 942 3960 omnem
965 3898 1200 3960 admirationem
