2768 4552
590 354 799 412 ..34-

650 606 741 675 XIV.

163 779 275 847 Instat·
309 778 490 847 oblationes
525 783 560 845 et
587 778 693 866 ntapt's
730 777 869 845 uirtutes
899 798 998 867 panm-
1031 779 1231 866 corporolia

441 918 578 965 nanneno
604 895 709 964 Benna
737 896 942 965 desiderare.

226 1099 388 1159 Postremo
406 1099 597 1158 admonendi
619 1103 711 1156 sunt³
734 1108 891 1166 sacrarunt
909 1104 1081 1159 structores
1098 1098 1228 1158 aedium

163 1203 212 1261 vel
236 1207 405 1270 ornatores
429 1206 462 1258 ut
485 1216 563 1259 suae
587 1200 761 1259 devotionis
778 1198 923 1260 affectum
946 1202 1040 1260 rebus
1063 1202 1144 1260 iuste
1168 1203 1226 1262 ad-

162 1305 281 1381 quisitis
304 1304 486 1375 ostendant,
517 1303 590 1378 quia
611 1301 762 1363 Dominus
792 1318 848 1377 per
877 1302 1059 1378 prophetam
1083 1310 1228 1377 testatur,

159 1426 192 1467 se
216 1408 285 1467 odio
307 1408 424 1466 habere
451 1408 596 1481 rapinam
619 1407 650 1464 in
678 1406 886 1479 holocaustae
917 1411 947 1464 et
974 1406 1045 1465 alibi
1073 1408 1227 1483 seriptum

161 1515 225 1568 est:
251 1511 323 1581 „put
349 1508 442 1581 offert
468 1510 621 1567 victimam
649 1509 686 1565 cle
718 1510 833 1582 rapina
855 1511 1023 1584 pauperis,
1054 1512 1144 1584 quast
1172 1514 1229 1585 qut

160 1616 276 1670 mactet
301 1612 400 1682 filiunt
431 1615 502 1669 onte
524 1609 703 1684 putrem“2;
737 1614 768 1667 et
799 1609 830 1667 in
861 1610 1052 1687 proverbiis:
1086 1592 1226 1684 ‚postiae

161 1714 323 1788 implorum
346 1712 598 1783 abhominabiles,
624 1713 697 1785 qnia
720 1712 892 1784 offeruntur
909 1712 1109 1785 oseelere“³;
1134 1713 1225 1773 item·

161 1831 235 1891 que:
263 1816 400 1888 „honoro
415 1814 576 1874 Dominum
592 1815 630 1873 de
646 1817 704 1872 tuis
720 1816 804 1872 iustis
820 1816 1020 1885 labortbns“⁴‚
1043 1819 1074 1872 et
1095 1815 1225 1891 reliqua.

159 1913 373 1976 lllenrinerintb
402 1918 503 1987 etiarn,
533 1916 631 1977 David
659 1931 766 1990 regem
790 1917 928 1977 noluisse
952 1917 1092 1992 accipere
1114 1933 1223 1978 areant

160 2023 286 2080 Areuna
308 2020 451 2078 lebusaei
475 2019 514 2078 ad
532 2018 755 2078 aedificandum
773 2021 870 2079 altare
894 2019 1016 2079 domino
1040 2021 1108 2094 ipso
1126 2022 1224 2092 gratis

160 2122 235 2181 dare
257 2124 391 2193 volente,
414 2122 473 2180 nisi
488 2123 589 2198 prius⁰
604 2122 677 2180 iusti
692 2122 781 2195 pretii
797 2123 979 2196 rependeret
995 2122 1225 2198 quantitatem.⁵

159 2223 196 2282 Et
218 2240 330 2283 reuera
353 2240 411 2282 non
437 2230 485 2282 est
506 2224 676 2284 remedium
699 2224 834 2302 peceati,
862 2225 887 2283 si
911 2230 1087 2300 eontenrpto
1112 2226 1223 2286 salutis

158 2333 326 2403 praecepto
367 2326 462 2400 ipsius
499 2327 587 2400 signa
625 2335 821 2402 contemptus
859 2327 977 2386 obicias
1015 2330 1221 2401 praeceptori.

158 2429 276 2487 Deinde
300 2429 353 2503 qui
377 2429 456 2487 iuste
480 2429 604 2505 quidem
628 2428 726 2498 offert,
750 2431 805 2488 sed
821 2429 940 2487 maiora
957 2437 987 2488 et
1006 2428 1128 2489 utiliora
1144 2431 1223 2506 legis

160 2531 308 2589 mandata
325 2532 491 2606 postponit,
512 2532 599 2592 audit
615 2548 685 2591 curn
702 2531 789 2591 Cain:
813 2549 929 2605 „nonne
944 2534 971 2590 st'
988 2541 1074 2590 reete
1095 2533 1223 2610 offeras,

157 2641 243 2692 recte
271 2640 371 2692 autern
399 2650 460 2692 non
488 2629 625 2707 dividas,
653 2635 815 2708 peccasti?
846 2635 1014 2708 putesce.“⁶
1073 2634 1221 2707 Qualibus

158 2736 292 2794 salvator
315 2734 401 2794 dioit:
435 2782 450 2808 ,‚
459 2734 522 2793 Vae
545 2736 626 2795 vobis
650 2739 703 2810 qni
724 2738 884 2795 decimatis
912 2742 1043 2795 meritant
1067 2742 1221 2798 ettotam

224 2918 237 2944 Β
254 2933 292 2979 oe,
311 2933 361 2966 ont.
381 2922 448 2966 sunl.
467 2945 499 2954 -
517 2906 532 2945 b
551 2934 589 2979 oo,
608 2920 759 2969 meminerit.
778 2949 808 2956 -
828 2917 838 2944 ⁰
857 2935 895 2981 oe,
913 2919 1032 2982 primum.

662 3025 789 3029 -,-..-.
794 3024 927 3029 .—--—
938 3025 1222 3036 —-———q

228 3069 477 3130 11sai.Lxl,8.-
502 3069 578 3121 ²Sir.
597 3070 710 3133 XXXIV,
723 3073 763 3123 24.
793 3071 872 3134 Vulg.
909 3071 957 3133 Qui
976 3071 1048 3122 offen
1065 3073 1221 3126 sacrificium

156 3170 187 3204 ex
206 3155 347 3204 substantia
364 3169 513 3218 pauperum,
533 3157 606 3220 quasi
624 3157 668 3220 qui
680 3157 793 3205 victimat
805 3155 887 3205 filiurn
900 3157 926 3206 in
939 3162 1074 3219 conspeetu
1087 3159 1173 3221 patris.
1188 3189 1221 3199 -

158 3239 308 3289 ³Proverb.
327 3238 443 3301 xxiat.
480 3238 571 3291 Θυσίαι
596 3238 697 3307 ἀσεβῶν
714 3237 851 3308 βδέλυγμα
874 3237 974 3308 κυρίῳ·
999 3241 1044 3291 καὶ
1067 3240 1115 3311 γὰρ
1135 3259 1222 3312 παρα-

155 3322 245 3390 νόμως
259 3322 450 3393 προσφέρουσιν
464 3323 554 3382 αὐτὰς.
575 3323 647 3375 LXX.
668 3354 698 3362 —
719 3329 730 3362 ⁴
746 3325 865 3376 Proverb.
876 3325 912 3388 Ill,
923 3329 946 3378 9.
966 3325 1068 3376 Honora
1080 3327 1221 3380 Dominum

155 3407 186 3457 de
203 3412 247 3458 tua
263 3411 404 3460 substanlIa
421 3414 445 3460 et
468 3411 499 3460 de
517 3413 636 3475 primitiis
654 3409 892 3474 omniurnlrugum
910 3415 1011 3460 tuarum
1030 3411 1063 3461 da
1080 3413 1110 3462 ei.
1138 3412 1221 3478 Vulg.

155 3489 226 3558 Τίμα
237 3492 284 3544 τὸν
294 3490 383 3562 κύριον
395 3492 446 3545 ἀπὸ
458 3501 510 3545 σῶν
521 3493 628 3545 δικαίων
638 3492 735 3545 πόνων.
748 3493 820 3543 LXX.
831 3522 864 3530 —
875 3498 885 3531 ⁵
895 3493 914 3542 ll
922 3495 1078 3559 Reg.XXlV,
1086 3499 1221 3562 20sqq.'-

156 3580 166 3615 ὓ
185 3575 246 3627 Gen.
260 3577 302 3640 lV,
314 3582 336 3629 7.
356 3579 525 3629 Walalridum
540 3595 590 3629 non
603 3595 634 3627 ex
648 3579 763 3628 versione
775 3578 861 3640 latina,
873 3578 900 3628 id
913 3583 951 3628 est
963 3579 1075 3644 Vulgata
1085 3581 1222 3649 allegasse,

154 3662 198 3712 sed
216 3679 248 3712 ex
266 3662 355 3728 lingua
373 3679 465 3728 graeca
482 3663 569 3733 (LXX)
588 3663 746 3714 transtulisse
769 3680 844 3713 nemo
868 3664 979 3727 negabit.
1013 3665 1092 3730 Vulg.
1110 3665 1222 3728 „Nonne

154 3747 176 3795 si
193 3746 257 3798 bene
275 3750 371 3812 egeris,
395 3750 513 3813 recipies,
539 3750 578 3798 sin
597 3752 681 3797 aulen]
707 3747 788 3811 male,
812 3749 896 3798 statim
919 3750 944 3798 in
967 3750 1062 3801 loribus
1085 3755 1220 3814 peceatum

153 3831 258 3884 aderit.“
294 3833 373 3885 LXX:
403 3833 452 3883 οὐκ
475 3830 521 3883 ἐὰν
546 3829 634 3901 ὀρθῶς
659 3833 849 3903 προςενέγκῃς,
879 3830 968 3901 ὀρθῶς
997 3831 1025 3885 δὲ
1049 3836 1086 3906 μὴ
1116 3834 1217 3906 eterne,

152 3914 271 3986 ἥμαρτες
278 3937 286 3982 ;
304 3917 449 3994 ὴσὺχασον.
