2768 4552
493 1004 848 1105 Appendix.

663 1214 684 1283 l.

518 1384 595 1464 „lte
621 1385 720 1452 mirso
743 1389 826 1451 ert.“
900 1424 902 1429 ·

136 1570 183 1630 Ex
205 1571 286 1631 Flori
311 1570 432 1630 diaconi
455 1570 660 1644 lugdunensis
684 1571 717 1644 (†
734 1585 759 1629 e.
776 1567 850 1643 860)
869 1568 1062 1643 expositione
1078 1568 1203 1627 missae.

135 1702 198 1754 Cod.
217 1703 259 1755 lat.
277 1702 376 1754 Monac.
399 1718 425 1752 n.
445 1705 524 1755 14581
546 1718 595 1754 sec.
613 1701 656 1763 XI,
674 1701 718 1754 iol.
738 1704 777 1753 65.
809 1699 859 1752 Cir.
878 1700 996 1753 Matiene.
1027 1700 1093 1752 Vett.
1115 1698 1206 1765 Script.

468 1789 547 1853 ampl.
565 1787 625 1839 coll.
643 1792 660 1838 t.
678 1786 718 1848 iX,
736 1803 761 1852 p.
780 1789 829 1839 648
840 1803 877 1852 sq.

200 1979 324 2053 „Finitis
361 1994 436 2038 vero
470 1979 615 2037 omnibus
652 1977 766 2036 astanti
805 1981 836 2034 et
872 1977 1050 2035 observanti
1087 1976 1202 2065 populo
1277 1956 1279 1960 ’

136 2079 287 2141 absolutio
311 2081 399 2140 datur
422 2080 607 2139 inclamante
631 2080 775 2138 diacono:
798 2079 845 2136 Ite
868 2080 959 2136 misso
983 2083 1035 2138 est.
1082 2077 1204 2153 (Altera

136 2180 232 2240 missa
264 2197 307 2243 sc.
338 2183 480 2256 leiturgia
512 2197 626 2255 graeca
651 2181 757 2256 lingua
785 2181 903 2251 dicitur,
938 2196 1017 2256 quae
1047 2180 1075 2238 in
1106 2181 1201 2240 latino

136 2281 352 2360 interpretatur
375 2285 578 2359 interpellatio
601 2301 657 2362 pro
686 2284 786 2360 plebe,
817 2283 847 2341 id
870 2292 920 2344 est
943 2282 1122 2342 intercessio
1145 2297 1201 2358 pro

132 2388 288 2463 populo1)
326 2387 423 2446 Missa
439 2404 513 2463 ergo
537 2387 610 2446 nihil
634 2387 714 2446 aliud
739 2387 925 2460 intellegitur
941 2401 1032 2462 quam
1051 2383 1200 2454 dimissio,

132 2486 164 2544 id
194 2495 243 2548 est
271 2487 441 2560 absolutio,
472 2490 565 2566 qu'am
594 2490 758 2550 celebratis
782 2490 922 2548 omnibus
951 2494 1025 2547 tunc
1048 2488 1199 2546 diaconus

133 2606 204 2650 esse
227 2591 412 2664 pronuntiat,
437 2608 507 2651 cum
533 2595 665 2668 populus
689 2608 707 2650 a
727 2590 887 2665 sollempni
911 2589 1132 2650 observatione
1156 2588 1201 2647 di·
1236 2614 1239 2619 ·

132 2693 267 2754 mittitur.
312 2691 400 2752 Unde
423 2701 453 2752 et
476 2695 602 2755 missam
628 2701 899 2753 catecumenorum
922 2709 1056 2753 canones
1086 2693 1200 2762 dicunt,

133 2796 256 2867 quando
288 2801 358 2871 post
380 2797 534 2871 evangelii
564 2796 728 2857 lectionem
759 2795 908 2870 incipiunt
930 2795 1079 2855 celebrari
1110 2809 1200 2853 sacra

131 2897 289 2971 mysteria,
322 2897 436 2972 quibus
468 2900 583 2957 nullum
613 2896 670 2956 nisi
700 2897 846 2972 baptismi
874 2897 955 2958 fonte
982 2903 1199 2972 regeneratum

132 2995 282 3058 interesse
311 2999 391 3060 licet.
435 3001 522 3059 Tunc
552 3001 635 3059 enim
666 3002 818 3059 clamante
842 3000 969 3059 diacono
999 2999 1089 3060 iidem
1116 3005 1201 3058 cate·

132 3099 255 3158 eumeni
278 3100 485 3172 mittebantur,
508 3102 537 3159 id
555 3108 603 3161 est
618 3102 848 3161 dimittebantur
871 3102 963 3161 loras.
1008 3102 1103 3161 lllissa
1126 3117 1199 3176 ergo

132 3207 402 3264 catecumenorum
416 3203 510 3263 fiebat
525 3212 611 3264 ante
634 3205 787 3263 actionem
805 3211 1086 3278 sacramentorum3
1104 3203 1200 3264 missa

129 3302 265 3364 fidelium
290 3307 323 3365 lit
340 3311 414 3384 post
436 3305 659 3365 coniectionem
676 3313 706 3364 et
728 3305 997 3384 participationem
1014 3305 1197 3383 (eorundem

131 3408 458 3484 sacramentorum).“2
684 3396 690 3406 ’

204 3575 212 3608 ¹
230 3571 298 3624 Haec
317 3575 441 3625 sententia
453 3574 523 3624 deest
540 3589 580 3639 ap.
593 3573 703 3624 Marione
721 3573 737 3626 l.
751 3589 771 3625 e.
791 3602 822 3611 -
843 3577 853 3612 ²
872 3576 945 3626 Deest
963 3591 1002 3640 ap.
1016 3575 1135 3628 Murteae
1147 3575 1164 3628 l.
1175 3590 1198 3626 c.

131 3652 180 3704 Cir.
198 3656 274 3708 etiarn
288 3659 373 3723 Tiibg.
384 3657 476 3722 Theoi.
488 3657 680 3720 Quartalschrilt
696 3659 742 3711 Bd.
756 3662 796 3720 71,
814 3676 839 3724 p.
852 3663 898 3713 531
914 3658 1010 3730 (1889),
1029 3663 1073 3714 ubi
1091 3661 1118 3712 P.
1132 3659 1198 3713 Odil.

130 3737 304 3794 Buttmanner
321 3742 388 3794 clare
405 3748 430 3794 et
446 3743 518 3794 docte
531 3744 649 3794 disseruit
666 3759 742 3808 super
759 3745 964 3810 interpretatione
980 3748 1051 3798 vocis
1065 3745 1197 3807 ,‚Missae“.
