2768 4552
586 368 797 429 -35-

159 541 191 595 et
216 552 303 595 omne
331 538 432 612 totas,
465 543 497 597 et
527 555 608 612 quac
638 540 789 613 praviora
822 546 894 599 sunt
926 543 1003 615 lepis
1030 542 1221 616 praeteritis,
1280 585 1284 591 -

158 639 414 716 misericordiam,
427 640 573 699 iudicium
588 645 620 698 et
634 643 838 700 pertractare
861 642 946 700 Haec
962 649 1063 702 autem
1080 642 1220 713 dicimus

158 755 220 800 non
245 756 309 816 quo
334 741 560 800 aedificantium
577 746 607 800 et
623 743 798 802 ornantium
815 744 884 802 loca
899 751 1009 804 sancta
1025 745 1221 804 devotionem

158 845 326 918 culpemus,
350 845 406 903 sed
430 859 492 919 quo
517 845 695 915 doceamus,
711 845 914 904 elemosinam
931 847 958 904 in
978 862 1131 923 pauperes
1148 845 1220 905 huic

156 946 406 1021 praeferendam3
441 947 528 1021 quia,
558 952 592 1006 ut
624 946 735 1006 beatus
764 948 974 1025 Hieronymus
1007 949 1062 1008 ait:
1097 965 1223 1022 „super-

155 1050 305 1108 stitiosum
328 1053 381 1116 est,
399 1051 538 1123 parietes
553 1066 633 1109 auro
648 1051 789 1123 scalpere,
813 1056 844 1108 ct
857 1051 1008 1110 Christum
1025 1057 1097 1109 ante
1112 1053 1222 1109 tenuas

152 1151 242 1222 same
265 1157 294 1207 et
316 1151 456 1209 nuditate
480 1151 663 1228 torquert.“2
707 1151 777 1225 lpse
801 1153 881 1211 enim
905 1153 945 1213 ibi
968 1169 1025 1212 nos
1049 1152 1133 1211 iubet
1157 1154 1221 1212 tte-

155 1253 332 1326 saurizare,
355 1252 408 1311 uhi
429 1268 528 1325 neque
551 1256 634 1312 tineo
656 1270 714 1312 nec
729 1271 846 1328 cerupc
864 1256 1038 1328 demolitur,
1062 1254 1114 1313 chi
1131 1257 1221 1329 fures

155 1369 217 1412 non
245 1354 395 1427 effodiant
425 1371 482 1413 nec
511 1355 694 1427 furantur33
726 1361 756 1413 et
784 1357 813 1413 in
844 1355 955 1416 iudicio
983 1356 1128 1425 veniens,
1159 1371 1219 1414 non

155 1461 259 1513 utrum
290 1457 441 1515 ecclesias
472 1455 743 1527 aedificassemus,
770 1458 826 1516 sed
854 1463 959 1517 utrum
982 1457 1130 1517 membris
1153 1456 1221 1516 eius

155 1557 289 1617 minimis
313 1558 537 1633 profuissemus
561 1557 766 1634 inquisiturus
790 1563 865 1618 est.4

221 1644 305 1720 Haec
327 1660 454 1736 quidem
482 1667 664 1720 ornamenta
690 1667 832 1722 sanctum
861 1663 1029 1721 saeculare
1057 1663 1222 1737 apostolus

155 1763 320 1833 nominat⁵‚
344 1764 415 1839 quia
438 1769 511 1821 sunt
533 1764 594 1823 alia
616 1764 705 1839 quasi
729 1769 839 1823 sancta
854 1766 1010 1835 caelestia,
1035 1764 1125 1824 sicuti
1149 1770 1221 1823 sunt

156 1871 339 1927 ornamenta
371 1864 557 1933 animarum,
590 1881 687 1940 quae,
726 1882 787 1941 quo
823 1866 923 1924 minus
957 1867 1039 1941 apud
1078 1865 1220 1925 homines

154 1964 273 2026 habent
295 1967 481 2044 splendoris,
503 1972 589 2026 tanto
613 1970 682 2043 plus
698 1969 784 2042 apud
802 1968 965 2027 [lominum
981 1963 1224 2050 habentmeriti

156 2074 187 2127 et
210 2070 371 2129 mercedis.
418 2069 543 2144 Legitur
565 2071 677 2128 tetiama
699 2071 735 2128 de
760 2071 851 2131 beato
868 2071 1015 2144 Gregorio
1031 2086 1121 2146 papa,
1138 2073 1220 2147 quod

155 2185 218 2229 non
247 2171 325 2229 sicut
354 2172 404 2230 alii
431 2172 461 2229 in
490 2172 682 2231 extinctione
712 2173 914 2232 ecclesiarum
938 2171 1142 2242 laboraverit,
1166 2172 1221 2231 sed

155 2272 186 2330 in
220 2274 360 2332 doctrina
388 2280 419 2334 et
446 2274 685 2347 elemosinarum
717 2275 871 2349 largitate,
906 2291 999 2350 quam
1029 2290 1089 2332 non
1119 2274 1218 2332 solum

155 2375 241 2449 apud
275 2389 366 2446 so0S,
396 2393 506 2436 verum
535 2377 624 2436 etiam
652 2377 735 2452 apud
769 2379 863 2453 longe
892 2383 923 2436 et
952 2378 982 2435 in
1009 2377 1123 2436 exteris
1152 2393 1223 2451 pro·

154 2477 268 2537 vinciis
298 2480 435 2554 positae,
466 2495 614 2539 exercere
641 2480 788 2540 curauit.6
832 2480 866 2540 Si
890 2495 965 2554 ergo
994 2481 1023 2538 in
1048 2478 1222 2538 condendis
1276 2533 1278 2537 ,

224 2645 237 2672 ³
254 2661 292 2708 oe,
309 2647 388 2697 enlm.

228 2820 237 2852 ¹
254 2815 309 2865 Duo
328 2815 376 2866 loci
395 2816 437 2866 hic
455 2821 514 2866 sunt
525 2817 671 2868 intermixti.
703 2817 765 2868 Luc.
776 2816 816 2880 Xl,
830 2820 870 2870 42.
899 2817 970 2880 „Vae
984 2816 1057 2868 vobis
1069 2815 1222 2875 Pharisaeis,

155 2902 218 2966 quia
236 2901 367 2952 decimatis
391 2900 522 2952 mentham
541 2907 565 2951 et
587 2906 670 2953 rutam
688 2908 712 2954 el
730 2918 806 2953 omne
823 2902 888 2965 oluS,
907 2907 930 2953 el
941 2903 1082 2967 praeteritis
1099 2898 1222 2949 indicium

154 2985 337 3037 elcharitatem
350 2986 418 3037 [lei.“
449 2986 538 3037 lllatlh.
551 2986 637 3049 XXlll,
650 2990 690 3040 23.
712 2988 783 3047 „Vae
796 2987 876 3049 vobis,
889 2987 933 3052 qui
946 2985 1078 3036 decimatis
1093 2982 1222 3034 mentham

154 3075 180 3124 et
197 3070 319 3122 anethum
338 3076 362 3121 et
380 3072 521 3138 cyminum,
539 3075 563 3121 et
575 3071 713 3136 reliquistis
726 3086 791 3137 quae
804 3071 923 3134 graviora
934 3069 993 3120 sunt
1005 3069 1078 3133 legis,
1098 3067 1222 3117 iudicium

155 3161 180 3207 et
198 3155 400 3206 misericordiam
418 3160 442 3206 et
459 3155 559 3206 fidem.“
590 3185 621 3193 -
650 3158 661 3192 2
680 3157 767 3216 „Auro
784 3156 904 3219 parietes,
923 3169 986 3203 auro
1004 3153 1142 3218 laquearia,
1161 3167 1223 3202 auro

155 3241 256 3304 turgent
273 3242 355 3305 capita
372 3240 564 3302 columnarum,
589 3245 612 3290 et
629 3241 715 3291 nudus
738 3244 813 3304 atque
831 3239 946 3289 esuriens
964 3243 1021 3288 ante
1039 3238 1106 3288 iores
1125 3239 1223 3287 nostras

145 3323 272 3377 ¹Christus
290 3326 316 3375 in
340 3341 452 3390 paupere
476 3327 606 3375 moritur.“
641 3325 710 3376 Hier.
727 3326 774 3389 Ep.
789 3325 849 3386 128,
868 3323 901 3374 ad
919 3321 1090 3373 Gaudentium
1110 3336 1130 3371 c.
1145 3323 1160 3373 4
1173 3318 1221 3388 (5).

155 3409 243 3474 Migne
254 3425 273 3462 s.
287 3410 304 3461 l.
316 3416 336 3460 t.
346 3409 423 3473 XXll,
437 3412 509 3462 1099.
522 3438 555 3446 -
574 3414 585 3447 ³
598 3410 684 3460 Matth.
697 3407 738 3472 Vl,
752 3412 792 3463 20.
804 3410 846 3459 clr.
857 3408 917 3458 Luc.
931 3407 982 3469 Xll,
996 3406 1035 3457 33.
1055 3433 1087 3442 -
1108 3409 1119 3442 ⁴
1132 3403 1222 3454 Matth.

155 3493 234 3556 XXV,
248 3496 289 3546 40.
317 3522 349 3531 -
378 3495 482 3546 ⁶Hebr.
500 3494 577 3557 lll,l.
605 3524 638 3532 -
666 3492 853 3544 ⁶Walalridus
872 3493 898 3542 in
917 3491 964 3541 hac
983 3491 1122 3541 assertione
1139 3489 1223 3540 Bedae

156 3579 295 3629 Historiam
314 3577 512 3629 ecclesiasticam
532 3583 655 3645 respicere
673 3581 736 3630 mihi
749 3578 857 3641 videtur,
876 3592 927 3641 quo
940 3578 967 3626 in
980 3591 1055 3639 opere
1066 3573 1119 3641 (lib.
1130 3574 1157 3637 H,
1168 3574 1222 3640 cl)

155 3663 200 3713 ille
218 3662 250 3714 de
268 3661 383 3728 Gregorii
401 3662 489 3727 Magni
507 3665 626 3728 operibus
648 3664 811 3715 laudabiliter
833 3663 959 3713 disserens
978 3660 1052 3711 dicit:
1078 3659 1158 3721 „Nam
1177 3660 1222 3709 alii

156 3747 261 3814 quidem
284 3748 415 3813 pontifices
438 3751 613 3799 construendis
637 3750 809 3814 ornandisque
836 3762 898 3797 auro
920 3746 962 3796 vel
985 3749 1090 3809 argento
1109 3744 1221 3794 ecclesiis

157 3848 261 3897 operam
279 3832 385 3895 dabant,
408 3831 451 3882 hic
469 3837 554 3883 aulem
571 3838 638 3882 totus
659 3846 719 3894 erga
741 3833 885 3882 animarum
910 3831 981 3881 luera
999 3829 1111 3880 vacabat.
1148 3829 1222 3890 Quic-

156 3916 221 3969 huid
229 3918 352 3982 pecuniae
362 3915 492 3980 habuerat,
502 3917 607 3969 sedulus
618 3916 666 3966 hoc
674 3915 820 3981 dispergere
830 3931 858 3965 ae
866 3915 1086 3980 darepauperibus
1094 3915 1220 3966 curabat.“

985 3999 1021 4052 3*
