2768 4552
233 1054 354 1125 Dehinc
371 1053 525 1144 imprimis
542 1052 651 1143 incipit
668 1053 819 1143 prelatio;
838 1052 911 1122 dein
928 1056 1038 1122 textus
1055 1054 1222 1144 sequentis

156 1190 262 1261 libelli.
311 1189 346 1260 ln
373 1188 501 1258 nomine
532 1187 583 1256 dei
615 1188 715 1278 patris
747 1192 779 1256 et
809 1188 865 1256 lilii
891 1193 923 1257 et
954 1170 1223 1279 spiritus‘sancti.

622 1317 702 1392 Aet
720 1319 760 1391 Ω.

589 1543 793 1550 ———.

218 1698 264 1758 De
294 1696 442 1756 ministris
470 1694 623 1754 ecclesiae
653 1702 684 1755 et
711 1695 889 1756 ministeriis
922 1696 1075 1772 ipsorum,
1103 1712 1223 1757 necnon

154 1824 186 1877 et
215 1817 254 1875 de
282 1812 505 1889 multiplicibus
537 1821 817 1887 sacramentorum,
852 1815 1020 1877 officiorum
1055 1821 1085 1875 et
1116 1817 1226 1876 obser-

154 1936 314 1996 vationum
334 1932 506 1995 rationibus
530 1933 618 1992 multi
642 1935 740 1993 multa
756 1933 911 2008 dixerunt,
933 1936 975 1993 ita
997 1940 1031 1995 ut
1053 1951 1154 2010 pauca
1175 1935 1224 1996 vel

154 2071 237 2132 pene
259 2055 345 2114 nulla
367 2054 583 2123 remanserint,
607 2067 688 2128 quae
711 2069 773 2112 non
797 2054 856 2112 iam
880 2070 936 2128 per
958 2053 1225 2114 inluminationem

155 2174 284 2249 spiritus
308 2173 409 2231 sancti
434 2173 494 2231 sint
510 2172 730 2245 demonstrata,
745 2187 805 2230 non
823 2172 925 2231 solum
941 2172 1074 2246 qualiter
1090 2172 1227 2241 debeant
1274 2249 1276 2254 Ι

156 2291 229 2364 fieri,
257 2308 368 2352 verum
395 2291 488 2349 etiam
516 2290 674 2365 quomodo
703 2290 827 2365 singula
856 2291 988 2366 mystice
1018 2291 1152 2351 debeant
1174 2295 1225 2352 vel

156 2413 279 2488 possint
300 2410 437 2484 intellegi
460 2409 597 2481 diligenti
622 2410 849 2469 examinatione
878 2410 1044 2471 discussa.
1089 2412 1225 2486 Quorum

157 2531 293 2591 omnium
308 2529 428 2604 copiam
441 2545 511 2589 cum
529 2528 701 2588 secundum
716 2530 964 2589 sollertissimum
977 2530 1006 2588 in
1019 2530 1114 2590 rebus
1127 2534 1225 2592 eoele-

157 2650 293 2711 siastieis
315 2649 451 2710 studium
477 2656 563 2708 tuum
593 2653 624 2706 et
648 2648 734 2708 libris
757 2647 877 2708 habeas
907 2657 938 2709 et
967 2649 1117 2708 memoria
1145 2666 1228 2709 oom-

157 2767 357 2844 prehensam,
372 2763 567 2829 venerandeb
591 2767 620 2826 in
645 2766 767 2827 Christo
792 2773 879 2843 pater
893 2768 1089 2844 Reginberte‚
1113 2769 1229 2829 salubri

159 2888 340 2948 curiositate
355 2888 479 2960 ardens,
497 2887 653 2963 quaedam
670 2903 729 2945 non
747 2902 766 2945 a
783 2886 936 2963 prioribus
955 2887 1077 2963 penitus
1102 2889 1230 2966 omissa,

159 3007 217 3067 sed
230 3007 357 3068 brevius
376 3023 469 3082 quam
486 3008 635 3066 volueras
652 3011 743 3081 laeta,
760 3022 777 3065 a
794 3022 842 3065 me
860 3006 930 3065 addi
949 3006 1118 3080 desideras,
1135 3008 1228 3083 quasi

160 3126 278 3202 aliquid
289 3126 360 3186 illos
370 3126 501 3200 sugerit,
517 3126 601 3202 quod
612 3142 669 3186 nos
682 3127 840 3202 possimus
853 3124 1021 3202 inspicere;
1037 3141 1106 3186 cum
1125 3127 1230 3202 potius

158 3261 236 3305 rere
259 3245 347 3305 lateri
372 3244 552 3317 debeamuS,
576 3246 680 3304 omnia
695 3260 775 3320 quae
798 3244 841 3303 illi
857 3244 983 3306 inventa
1000 3246 1090 3305 nobis
1106 3245 1229 3321 scriptis

160 3364 225 3424 suis
255 3365 458 3441 reliquerunt,
483 3379 541 3423 nec
571 3366 640 3440 ipsa
668 3363 807 3423 discendi
834 3365 982 3424 instantia
1010 3381 1069 3425 nos
1100 3365 1230 3439 assequi

158 3499 261 3559 posse.
307 3483 369 3544 Sed
392 3489 449 3554 est,
473 3482 557 3558 quod
579 3483 608 3543 in
624 3483 839 3545 huiuscemodi
857 3479 992 3561 coeptisl
1014 3499 1063 3542 me
1085 3483 1227 3542 timidum

114 3635 117 3642 ·
161 3605 351 3678 consoletur,
393 3603 467 3662 dum
505 3603 683 3678 considero,
721 3603 789 3664 illos
824 3603 1045 3664 difficilioribus
1081 3603 1227 3676 intentos

159 3852 163 3859 ·
230 3821 243 3850 ⁸
260 3837 297 3885 oe,
307 3837 424 3873 excussa.
436 3849 470 3858 -
482 3809 496 3850 b
509 3837 547 3884 oe,
558 3821 734 3872 ovenerande.
746 3850 779 3858 —
793 3821 803 3848 ⁰
816 3838 854 3885 oe,
864 3822 1000 3886 aufugerit.
1013 3850 1045 3861 -
1058 3808 1072 3849 d
1090 3838 1128 3885 oe,
1142 3821 1233 3872 huius·

163 3906 233 3958 modi
252 3908 384 3980 incoeptis.

996 3991 1030 4042 μ
