2768 4552
587 335 800 394 ..59-

161 508 231 568 Sica
258 507 349 566 etiam
381 522 462 564 nunc
492 506 594 564 solent
617 505 796 564 sacerdotes
825 505 854 562 in
880 504 1134 564 conclusionibus
1156 520 1227 564 noo-

161 616 270 667 turnae
305 609 355 668 vel
392 602 523 666 diurnae
561 622 722 682 synaxeos
759 606 918 668 orationes
955 605 1076 678 breves,
1114 607 1144 665 id
1178 615 1228 666 est

160 711 305 770 collectas
334 709 535 782 subiungere:
565 715 638 768 sunt
666 707 744 766 enim
768 704 865 766 aliael
894 708 982 772 tales,
1011 714 1130 767 utnon
1154 707 1226 767 alibi

158 827 251 885 quam
269 812 350 871 circa
373 810 514 871 sacrificii
535 809 772 870 celebrationem
788 810 850 869 sint
873 805 1034 882 dicendae,
1058 816 1131 869 sunt
1153 825 1226 869 vero

159 911 250 983 aliae,
274 915 387 988 quibus
411 922 442 971 et
464 914 494 971 in
510 911 609 972 officio
626 912 741 972 missae
758 920 789 970 et
811 926 874 970 non
891 913 991 971 minus
1014 912 1043 970 in
1066 895 1134 973 aliis
1149 913 1226 972 locis

159 1022 189 1074 et
203 1016 412 1090 temporibusc
434 1029 603 1090 possumus
623 1016 677 1074 uti.
714 1014 880 1074 crescente
897 1023 1010 1084 autem,
1035 1015 1115 1075 siout
1136 1031 1227 1090 prae·
1283 1036 1285 1041 ·

159 1116 305 1189 diximus
327 1117 485 1192 religionis
511 1117 594 1175 cultu
617 1114 750 1186 divinae,
781 1117 940 1175 crescebat
963 1118 1055 1176 etiarn
1079 1118 1226 1193 paulatim

158 1220 333 1280 orationum
358 1226 388 1278 et
410 1219 579 1279 officiorum
609 1218 759 1277 ecclesiae
788 1218 971 1293 compositio
1003 1221 1106 1280 multis
1135 1225 1227 1279 etex

157 1338 280 1382 summa
303 1323 432 1382 scientia
461 1331 552 1381 etex
577 1320 726 1379 mediocri
757 1326 786 1378 et
809 1336 849 1379 ex
879 1321 1007 1379 minima
1029 1323 1226 1408 addentibus,

157 1439 239 1498 quae
263 1439 400 1499 congrua
423 1424 516 1483 rebus
546 1422 737 1498 explicandis
762 1421 956 1483 videbantur.
1000 1423 1136 1500 Ideoque
1160 1441 1227 1484 cre·

156 1526 260 1585 dimus
291 1522 448 1585 conciliisd
478 1523 707 1598 carthaginensi
729 1530 760 1581 et
782 1525 958 1584 milevitano
986 1529 1165 1597 statutum¹‚
1193 1533 1227 1588 ut

154 1642 268 1704 preces
292 1636 322 1687 et
346 1629 540 1688 orationesa
564 1625 753 1702 quibuslibet
769 1627 971 1703 compositae,
990 1629 1054 1686 'nisi
1075 1629 1226 1704 probatae

156 1730 342 1790 fuissentin
367 1732 505 1802 concilio,
529 1746 591 1789 non
615 1728 803 1804 dicerentur;
834 1745 906 1788 nam
929 1738 959 1787 et
982 1731 1123 1791 Gelasius
1147 1747 1227 1806 papa

156 1830 187 1888 in
211 1829 317 1890 ordine
340 1832 399 1890 Ll2
422 1839 503 1890 tam⁰
526 1847 545 1890 a
567 1846 602 1890 se
626 1846 718 1904 quam
743 1830 781 1888 ab
811 1831 879 1889 aliis
902 1832 1092 1907 compositas
1116 1847 1226 1907 preces

156 1931 269 1992 dicitur
299 1934 462 1993 ordinasse
492 1940 523 1991 et
555 1931 725 1992 Galliarum
753 1934 905 1992 ecclesiae
938 1935 1003 1993 suis
1036 1935 1224 1993 orationibus

154 2034 338 2106 utebantur,.
355 2051 435 2111 quae
452 2028 498 2094 etf
522 2033 625 2093 adhuc
647 2049 666 2091 a
687 2035 790 2094 multis
813 2034 976 2096 habentur.
1013 2034 1051 2093 Et
1073 2037 1147 2110 quia
1160 2043 1223 2093 tam
1252 2092 1255 2096 Α

154 2136 279 2196 incertis
310 2138 488 2197 auctoribus
524 2137 621 2195 multa
653 2135 841 2197 videbantur
874 2139 1015 2198 incerta&
1048 2144 1079 2195 et
1111 2153 1223 2197 sensus

153 2240 363 2312 integritatem
389 2256 448 2299 non
472 2234 629 2308 habentia,
654 2239 776 2297 curarit
803 2240 913 2298 beatus
938 2238 1106 2313 Gregorius
1129 2239 1225 2307 ratio·

154 2341 271 2400 nabilia
295 2357 438 2416 quaeque
462 2341 642 2404 coadunare
666 2347 697 2398 et
719 2342 849 2401 seclusis
872 2340 930 2414 his,
955 2358 1038 2416 quae
1060 2341 1109 2400 vel
1132 2340 1226 2400 nimia

224 2540 237 2566 ³
255 2556 293 2603 oe,
310 2543 394 2593 sicut.
411 2569 444 2580 -·
464 2526 476 2566 b
494 2558 532 2606 oe¹
559 2558 610 2594 om.
637 2542 710 2594 aliae.
728 2541 790 2581 -ο
813 2557 851 2605 oe,
877 2557 929 2593 om.
955 2548 978 2592 et
1003 2542 1170 2607 temporibus.
1193 2570 1225 2580 -

154 2612 222 2689 <¹M,
240 2625 357 2676 concilio.
374 2655 408 2662 —
426 2625 438 2652 θ
457 2642 494 2688 oe,
517 2626 629 2680 itatem.
649 2655 680 2664 —
698 2611 709 2652 f
727 2627 770 2690 ml,
789 2643 840 2679 orn.
859 2632 890 2677 et.
908 2655 942 2664 —
960 2625 976 2667 ἕ
993 2643 1032 2686 oe,
1050 2627 1110 2680 hab.
1128 2633 1156 2678 ut
1173 2642 1226 2680 var.

155 2711 259 2762 inserta.

229 2867 237 2900 ¹
257 2864 303 2926 „Et
320 2865 467 2930 quicunque
485 2864 534 2915 sibi
552 2881 641 2930 preces
662 2865 766 2916 aliunde
785 2865 911 2923 describit,
934 2880 984 2915 non
1003 2868 1040 2916 eis
1063 2870 1155 2927 utatur,
1178 2867 1228 2916 nisi
1291 2848 1294 2853 ’

155 2949 228 3013 prius
247 2965 289 3000 eas
302 2966 360 3001 oum
380 2951 543 3000 instructione
560 2951 679 3002 tratribus
697 2950 860 3011 contulerit“;
879 2964 933 3000 can.
946 2950 1012 3011 XXI,
1029 2956 1054 3000 at
1072 2965 1123 2999 non
1139 2964 1228 3000 acon·

156 3031 215 3082 cilio
234 3034 424 3099 carthaginensi
446 3035 603 3097 constitutus,
627 3041 654 3084 ut
671 3035 735 3085 salso
754 3036 842 3085 asserit
859 3034 1026 3098 Walalridus‚
1051 3035 1096 3085 sed
1114 3036 1146 3085 ab
1168 3033 1227 3098 hip-

155 3119 264 3182 ponensi
287 3135 355 3170 anno
374 3122 422 3172 393
447 3119 584 3179 celebrato;
609 3118 762 3183 Carthagine
785 3125 869 3169 aulem
892 3135 959 3169 anno
977 3121 1026 3171 397
1049 3121 1168 3184 repetitus
1191 3124 1228 3169 est
1252 3120 1256 3127 '

155 3207 263 3253 tantum.
283 3202 332 3256 Cir.
342 3205 438 3267 Helela,
448 3203 666 3268 Conciliengesch.
677 3203 756 3255 ll.Bd.
768 3207 783 3255 2
793 3207 826 3254 A.
839 3220 864 3268 p.
874 3209 915 3265 54,
925 3208 965 3257 57.
985 3203 1103 3256 Secunda
1112 3203 1227 3271 synodus

156 3287 199 3338 hic
217 3288 387 3341 aWalalrido
400 3297 599 3341 commemorata
611 3288 650 3338 Xl.
672 3288 873 3352 carthaginensis
891 3295 928 3341 est
946 3305 1013 3340 anno
1027 3293 1076 3343 407
1094 3289 1228 3349 celebrata,

156 3387 223 3438 quae
244 3375 373 3424 constituit
390 3391 445 3426 can.
466 3374 510 3426 IX:
540 3374 655 3436 „Placuit
679 3376 753 3424 etiam
776 3373 833 3436 hoc,
861 3380 886 3424 ut
909 3390 998 3439 preces
1020 3390 1085 3441 quae
1107 3375 1227 3438 probatae
1276 3388 1278 3392 ·

156 3458 250 3507 luerint
270 3460 297 3508 in
324 3458 431 3509 coneilio
456 3461 510 3511 sive
537 3459 704 3524 praelationes
728 3459 781 3509 sive
807 3461 1040 3511 commendationes
1065 3475 1110 3509 seu
1134 3473 1227 3508 manus

156 3543 333 3607 impositiones
351 3544 383 3595 ab
396 3544 516 3595 omnibus
533 3543 698 3606 celebrentur,
716 3559 763 3594 nec
774 3543 838 3594 aliae
851 3545 956 3595 omnino
969 3550 1055 3595 contra
1066 3544 1143 3595 fidem
1156 3558 1227 3607 prae·

156 3629 282 3690 lerantu1·;
306 3630 351 3680 sed
369 3644 536 3694 quaecunque
559 3645 573 3679 a
594 3628 802 3693 prudentioribus
819 3630 912 3679 luerint
935 3630 1063 3691 collectae,
1087 3629 1225 3678 dinantur.“

158 3711 207 3771 cn,
219 3714 306 3765 Helele
315 3714 331 3764 l.
342 3730 361 3764 o.
371 3730 395 3778 p.
408 3716 463 3765 101.
481 3741 505 3752 -
517 3717 528 3752 ²
538 3715 611 3765 Recte
620 3712 722 3774 XLIX',
734 3714 909 3778 pontificatum
919 3716 999 3779 gessit
1009 3729 1069 3766 ann.
1079 3714 1226 3773 lat-tam

159 3798 232 3858 „fecit
249 3800 325 3849 etiarn
344 3804 368 3849 et
385 3805 601 3850 sacramentorum
619 3799 787 3864 praelationes
805 3804 830 3850 et
841 3799 968 3850 orationes
984 3804 1057 3849 cauto
1070 3813 1187 3849 sermone
1205 3803 1228 3847 et

157 3882 280 3946 epistulas
297 3884 358 3935 fidei
374 3884 496 3934 delimato
514 3899 632 3934 sermone
651 3883 767 3934 multas.“
804 3883 859 3934 Lib.
878 3884 967 3947 pontif.
986 3883 1067 3936 Duch.
1085 3883 1103 3945 Ι,
1121 3886 1179 3935 255.
