2768 4552
535 355 746 414 ...95-

108 531 268 601 decimum,
283 527 497 601 multiplicabo
508 525 637 584 nonem.“
650 526 660 565 1
682 525 758 584 Cum
772 523 875 599 itaque
888 523 1029 584 iudaicus
1045 525 1177 599 populus

108 634 307 707 praeceptum
331 628 522 687 decimarum
552 631 639 686 tanta
669 626 826 701 diligentia
851 625 1046 703 observaret,
1075 632 1110 684 ut
1139 626 1178 686 de

108 733 241 792 minimis
273 727 451 804 quibusque
487 729 688 801 holusculisss,
722 735 792 786 ruta
821 728 979 792 videlicet,
1012 733 1116 786 menta
1149 734 1179 786 et

109 835 245 911 cymino,
270 837 304 891 ut
324 832 390 904 ipse
407 831 561 889 Dominus
584 831 746 902 testaturl,
768 830 908 889 decimas
925 829 1022 898 daret,
1048 845 1102 889 cur
1117 846 1178 889 non

109 935 216 996 maiori
246 934 347 993 studio
371 932 460 1006 plebs
485 932 668 1007 evangelica
690 933 822 992 eandam
851 932 977 1005 impleat
998 931 1178 1000 iussionem,

110 1038 157 1095 cui
181 1040 212 1094 et
234 1033 331 1092 maior
354 1039 403 1092 est
434 1049 582 1093 numerus
606 1034 806 1093 sacerdotum
837 1040 868 1091 et
896 1034 1047 1093 sincerior
1077 1034 1178 1093 cultus

110 1135 397 1197 sacramentorum?
439 1131 516 1194 Ideo
541 1151 615 1208 ergo
640 1130 761 1194 dandae
785 1141 858 1194 sunt
880 1134 1032 1207 decimae,
1063 1141 1097 1194 ut
1119 1134 1179 1194 hac

110 1240 274 1300 devotione
296 1237 380 1295 Deus
404 1238 548 1312 placatus
579 1239 694 1311 largius
716 1242 865 1314 praestet.
895 1253 975 1312 quae
1000 1238 1180 1297 necessaria

109 1348 189 1412 sunt,
221 1340 301 1400 sicut
329 1339 473 1415 superius
497 1339 703 1410 ostendimus
733 1337 783 1398 etb
810 1345 844 1398 ut
866 1341 1046 1401 sacerdotes
1069 1347 1100 1398 et
1125 1341 1178 1399 mi-

109 1444 194 1503 nistri
219 1441 372 1503 ecclcsiae
396 1456 471 1501 cura
501 1448 531 1499 et
558 1437 765 1500 sollicitudine
788 1443 1008 1502 necessitatum
1034 1458 1180 1518 corpora-

108 1547 192 1617 lium,
222 1545 336 1621 quibus
366 1543 433 1604 sine
464 1544 544 1603 haec
566 1545 630 1603 vita
658 1545 788 1620 transigi
816 1560 878 1604 non
908 1551 1019 1620 potest,
1051 1547 1180 1606 relevati

108 1649 266 1709 liberiores
293 1647 369 1706 fiant
392 1647 432 1706 ad
456 1647 687 1706 meditationem
713 1648 835 1706 divinae
859 1649 935 1723 legis
964 1655 995 1707 et
1025 1648 1180 1708 doctrinae

108 1750 406 1810 administrationem
438 1757 532 1825 alque
563 1749 712 1824 spiritalis
744 1750 861 1808 servitii
888 1750 1094 1810 voluntariam
1126 1767 1178 1811 ex·

108 1853 284 1926 pletionem,
314 1858 344 1912 et
366 1857 401 1914 ut
423 1868 538 1910 munus
562 1852 668 1927 populi
694 1853 723 1911 in
747 1853 902 1911 cotidiana
926 1853 1096 1913 oblationec
1118 1852 1179 1913 Do-

109 1935 190 2012 mino
227 1955 404 2013 immoletur
442 1969 564 2013 necnon
604 1954 775 2012 secundum
815 1959 931 2013 statuta
964 1956 1113 2015 canonica
1149 1957 1179 2014 in

110 2057 369 2114 sustentationem
408 2072 580 2131 pauperum
615 2062 646 2114 et
682 2057 940 2115 restaurationem
975 2058 1177 2116 ecclesiarum

110 2152 259 2228 proficiat.
305 2157 444 2230 Quatuor
461 2160 543 2218 enim
566 2164 671 2234 partes
694 2159 780 2218 iuxta
796 2174 932 2218 canones
955 2159 1021 2219 ficri
1044 2160 1083 2218 de
1104 2159 1179 2219 lide·

109 2254 181 2313 lium
206 2256 415 2319 oblationibus
438 2259 560 2333 debent,
591 2268 624 2321 ut
647 2277 709 2320 una
732 2262 770 2320 sit
794 2261 941 2337 episcopi,
971 2263 1069 2320 altera
1092 2262 1180 2321 cleri·

112 2372 231 2428 corum,
261 2359 351 2419 tertia
376 2376 562 2436 pauperum,
579 2370 705 2438 ¹quarta
727 2363 948 2423 restaurationi
977 2365 1178 2424 ecclesiarum
1237 2395 1239 2398 ·

111 2464 261 2519 servetur.

546 2617 748 2625 ὴ.-

585 2786 705 2855 XXIX.

438 2955 491 3024 Dc
517 2956 674 3024 laetaniis
699 2959 850 3047 agendis.

174 3153 349 3227 Laetanias,
374 3157 402 3214 id
428 3165 476 3217 est
492 3157 679 3241 ,rogationes
701 3159 851 3233 publicas,
874 3178 953 3237 quas
974 3165 1108 3224 maiores
1124 3180 1179 3222 vo-

111 3270 226 3325 camus,
257 3258 388 3316 Romani
411 3274 474 3318 una
493 3259 547 3320 ‘die
578 3259 787 3334 denominata,
815 3263 845 3322 id
869 3271 917 3324 est
942 3266 995 3323 Vll
1017 3267 1085 3326 Kal.
1109 3267 1180 3326 Maii

111 3358 268 3418 aunuatim
291 3359 393 3421 lacere
417 3340 530 3436 solent,
554 3378 633 3437 quas
657 3361 822 3436 Gregorius
846 3382 929 3442 papa
950 3368 1033 3427 initio
1057 3370 1179 3428 ordina-

110 3460 205 3520 tionis
229 3479 307 3522 suae
329 3462 477 3535 instituit,
493 3464 583 3524 -dum
604 3470 674 3540 post
697 3481 848 3540 aquarum
877 3469 1109 3531 inundationem
1133 3473 1179 3531 in-

178 3661 191 3686 ³
209 3661 241 3724 M,
260 3662 393 3717 olusculis.
413 3694 443 3702 —
463 3651 590 3729 1),οε,ειο.
611 3697 641 3705 —
661 3666 672 3694 ⁰
690 3667 754 3730 mlh,
773 3666 928 3718 cotidianam
946 3665 1108 3722 oblationem.

181 3818 189 3850 ¹
208 3811 257 3866 cn.
276 3816 388 3880 August.
406 3815 489 3869 Serm.
508 3821 556 3871 277
575 3819 611 3870 De
629 3819 768 3871 reddendis
786 3803 901 3874 decimis.
929 3820 1016 3887 Migne
1034 3837 1054 3871 s.
1071 3820 1089 3872 l.
1109 3779 1125 3873 t.
1138 3825 1180 3885 39,

127 3900 226 3962 parua
246 3928 279 3936 —
300 3901 311 3936 ²
329 3901 416 3953 Malth.
433 3902 520 3965 ΧΧΠΙ,
539 3905 579 3955 23.
