2768 4552
579 321 788 382 ..94-

151 492 310 564 apostolus
333 490 450 552 Paulus
473 492 513 550 ad
536 489 736 549 astruendam
759 488 996 549 resurrectionis
1019 487 1113 547 fidem
1133 500 1224 546 eom·
1307 510 1310 515 ·

151 595 330 664 memorat¹‚
361 594 431 669 quia
456 593 513 653 nisi
539 592 739 652 crederentur
761 590 965 652 resurrecturi
992 593 1118 652 stultum
1145 594 1225 663 erat,

150 711 206 771 pro
230 697 276 757 eis
298 699 351 772 qui
373 697 433 755 iam
457 712 520 756 non
543 695 714 754 existerent
735 694 905 754 laborare.2

590 899 786 906 -—.-————

611 1053 763 1122 XXVIII.

500 1223 552 1292 De
579 1224 716 1292 decimis
742 1223 873 1292 doridis.

213 1426 384 1486 'Decimas3
411 1424 475 1483 Deo
511 1433 540 1483 et
574 1424 791 1486 sacerdotibus
822 1423 876 1483 Dei
912 1422 1032 1484 dandas
1061 1418 1227 1482 Abraham

154 1528 273 1598 laetisi,
305 1527 395 1586 Iacob
425 1528 585 1602 promissis
613 1528 782 1599 insinuati,
816 1527 927 1586 deinde
957 1527 1008 1586 lex
1037 1524 1168 1586 statuit⁶
1198 1530 1230 1584 et

155 1645 264 1690 omnes
288 1630 431 1689 doctores
452 1631 551 1689 saneti
575 1636 829 1690 commemorant.
874 1628 911 1688 Et
933 1629 1072 1704 prolecto
1096 1626 1229 1701 dignum

156 1736 232 1800 erat,
255 1737 288 1792 ut
311 1732 469 1791 israelitae
493 1732 631 1794 decimas
658 1749 806 1806 pecorum
830 1740 860 1792 et
888 1726 1061 1807 trugum'et
1085 1728 1229 1790 omniurn

157 1833 354 1908 pecunIarum
386 1834 514 1895 Domino
549 1837 667 1909 darent,
700 1838 752 1910 qui
785 1841 818 1896 ut
850 1852 905 1895 eos
939 1832 1082 1894 liberaret
1116 1832 1230 1891 decem

159 1937 260 2011 plagis
287 1938 442 2014 percussit
469 1939 645 2015 Aegyptios
675 1944 705 1997 et
735 1940 763 1996 in
793 1939 964 1999 novissima
994 1938 1087 2011 plaga
1112 1935 1230 2012 primo·

158 2041 263 2115 genita
297 2045 475 2100 cunctorum
510 2041 691 2116 disperdidit
729 2043 921 2116 gratiamque
961 2038 1027 2098 suis
1065 2037 1230 2113 praestitit,

158 2153 237 2218 quaa
260 2143 433 2218 impetratis
459 2143 596 2219 pecuniis
621 2143 788 2218 spoliarent
811 2144 997 2218 Aegyptum.
1042 2138 1087 2198 De
1112 2139 1230 2214 quibus

157 2244 286 2304 decimis
298 2247 493 2319 Augustinus
510 2245 618 2305 doctor
635 2244 781 2306 mirabilis
794 2244 879 2305 dicit:
895 2244 1053 2317 „decimae
1068 2258 1108 2301 ex
1125 2241 1229 2302 debito

156 2349 366 2421 requiruntur.
404 2347 484 2418 Quid
505 2348 532 2405 si
552 2347 672 2406 eliceret
686 2347 778 2421 Deus,
803 2362 911 2420 nempe
927 2362 1008 2404 meus
1032 2361 1063 2404 es
1086 2344 1230 2405 choreo!

158 2464 227 2506 mee
252 2457 297 2508 est
320 2457 407 2509 terra
431 2464 522 2523 quum
546 2450 631 2523 eolis,
661 2465 730 2507 men
752 2456 822 2506 sunt
843 2450 961 2506 semine
985 2463 1065 2522 quae
1090 2448 1228 2522 sperpia

157 2564 226 2610 mea
250 2553 399 2610 aetimatio
429 2567 509 2626 quoe
532 2553 664 2626 futtpas,
696 2568 779 2610 meus
802 2556 848 2610 est
867 2552 941 2610 solis
964 2553 1072 2620 colom
1102 2553 1133 2607 et
1158 2565 1229 2610 eum

157 2666 226 2710 meo
249 2654 352 2712 omnio
375 2654 445 2728 sint,
472 2661 503 2712 tu
525 2654 577 2728 qui
599 2654 697 2712 minus
720 2647 935 2730 accomodaret,
958 2656 1056 2710 solam
1076 2649 1228 2710 decimam

157 2754 336 2826 mereberis,
368 2754 568 2815 sedresereo
598 2757 652 2814 nit
672 2772 788 2830 novem,
818 2756 859 2813 do
888 2755 962 2813 milri
988 2754 1147 2813 decimam.
1194 2753 1230 2813 Si

156 2872 215 2916 nen
240 2857 364 2916 dederis
379 2858 453 2916 nridr‘
467 2857 628 2930 decimam,
654 2859 799 2933 auserem
819 2873 945 2928 novem;
966 2858 994 2915 si
1015 2855 1137 2915 dederis
1153 2855 1232 2915 milti

223 3057 292 3118 ³0e,
311 3061 349 3120 ut;
368 3056 402 3120 M,
421 3072 480 3122 quo.
499 3087 530 3096 —
551 3046 563 3086 b
582 3057 613 3119 M,
632 3057 767 3122 adimples.

228 3277 340 3329 ¹lCor.
358 3277 415 3339 XV,
434 3280 474 3330 29.
514 3278 550 3328 lle
572 3279 658 3330 verbis
684 3276 708 3328 ol
736 3277 924 3346 βαπτιζόμενοι
952 3274 1019 3347 ὑπὲρ
1046 3280 1099 3326 τῶν
1123 3280 1227 3345 νεκρῶν
1296 3317 1299 3321 Α

155 3365 285 3427 exegetice
312 3363 430 3413 disseruit
457 3363 499 3413 Dr.
521 3365 563 3429 Ilp
590 3363 617 3412 in
644 3362 776 3426 Tiibinger
801 3361 914 3427 theolog.
938 3359 1129 3424 Quarratsehrin
1152 3362 1229 3422 1875,

155 3463 180 3513 p.
199 3449 247 3500 684
260 3463 314 3514 sqq.
331 3476 365 3485 —
386 3451 396 3485 2
415 3448 449 3497 De
471 3450 599 3513 baptismo
618 3453 642 3499 et
664 3449 814 3499 ceremoniis
837 3450 863 3499 in
882 3464 912 3498 eo
934 3446 1087 3498 conferendo
1105 3445 1228 3497 adhibitis

154 3534 242 3585 consen
258 3548 361 3599 quoque
378 3534 599 3598 quaestiunculam
619 3533 759 3599 quandam,
783 3548 861 3599 quarn
884 3535 965 3599 reperi
986 3535 1013 3584 in
1031 3532 1121 3584 eodem
1141 3531 1231 3583 codiee

155 3616 319 3682 Sangallensi
339 3623 493 3679 contentam,
512 3619 556 3684 qui
574 3620 600 3668 in
617 3618 717 3670 edendo
736 3617 785 3670 hoe
804 3634 878 3684 opere
897 3619 950 3669 dux
973 3617 1037 3667 mihi
1056 3618 1121 3678 tuit,
1134 3630 1229 3681 quam·

155 3718 205 3768 que
223 3702 293 3753 haud
317 3704 451 3768 indignam
476 3704 563 3767 habui,
586 3719 664 3769 quam
687 3704 785 3769 publici
807 3706 870 3755 iuris
894 3705 1014 3754 lacerem.
1049 3701 1098 3753 Cir.
1117 3702 1228 3768 append.

155 3803 180 3837 n.
199 3787 226 3851 ll,
245 3805 270 3853 p.
292 3790 347 3841 104.
366 3817 399 3825 -
419 3793 429 3826 ³
448 3788 494 3839 Hie
512 3789 600 3852 incipit
617 3787 724 3840 alterurn
744 3791 916 3854 fragmentum
935 3787 990 3838 cod.
1004 3787 1037 3838 ll.
1056 3817 1087 3826 —
1108 3791 1118 3825 ⁴
1137 3784 1231 3840 Genes.

154 3871 222 3933 XIV,
241 3875 281 3924 20.
300 3902 333 3909 -
353 3877 363 3910 ⁵
381 3871 471 3924 Genes.
490 3872 598 3936 XXVIII,
618 3877 658 3926 22.
676 3904 709 3911 —
730 3875 838 3926 ⁶Levit.
856 3872 953 3936 XXVII,
973 3875 1014 3925 30.
