2768 4552
592 344 804 404 ..gl-

164 517 226 574 est:
249 512 331 573 Deus
353 514 384 572 tn
407 513 594 575 adiutorium
617 531 715 574 meum
744 514 884 574 intendel
912 515 1100 589 etreliqua,
1124 521 1230 590 patres

165 615 283 692 antiqui
317 614 383 675 suis
416 615 641 678 conlationibus
677 616 872 675 inveniuntur
902 617 1051 676 statuisse
1085 616 1229 676 omnibus

165 734 225 778 non
249 722 368 777 tantum
392 717 513 790 officiis,
543 718 598 778 sed
622 718 714 778 etiam
737 717 883 793 operibus
907 719 1174 793 praemittendum,
1196 727 1231 778 ut

164 818 321 879 invocatio
360 818 482 879 divinae
520 819 730 896 opitulationis
767 820 853 879 initio
895 820 1060 880 cuiuslibet
1098 821 1230 880 actionis

164 926 328 995 assumpta
362 921 526 982 faciliorem
565 921 656 980 iaciat
691 928 721 980 et
752 922 930 998 postulandi
961 924 1167 983 constantiam
1200 929 1230 982 et

165 1022 323 1099 optinendi
346 1023 499 1082 virtutem.
544 1024 577 1082 ln
599 1023 729 1097 agendis
751 1029 854 1084 autem
882 1031 1072 1086 mortuorum
1097 1031 1128 1084 et
1149 1026 1231 1084 circa

164 1124 321 1202 passionis
333 1124 506 1184 dominicae
519 1124 747 1186 solemnitatem
765 1124 980 1186 inchoationes
994 1133 1024 1186 et
1035 1122 1230 1197 expletiones

164 1226 331 1287 otiiciorum
355 1243 416 1285 non
441 1234 474 1287 ut
497 1228 525 1286 in
550 1228 682 1287 caeteris
705 1227 790 1300 fiunt,
813 1227 957 1287 tristitiae
972 1227 1118 1288 videlicet
1133 1224 1227 1301 signi-

164 1327 304 1388 ficandae
333 1343 441 1401 cansa,
470 1339 549 1390 narna
579 1330 682 1404 aliquo
713 1329 847 1405 graviori
871 1330 1006 1389 decreto.
1053 1329 1130 1403 Quia
1151 1343 1229 1387 vero

163 1436 250 1490 tanta
272 1433 321 1489 est
344 1429 372 1488 in
397 1431 473 1506 ipsis
488 1431 655 1493 diversitas
675 1431 783 1491 officiis
806 1448 866 1492 non
883 1433 983 1490 solum
1006 1446 1060 1506 pro
1077 1428 1228 1489 varietate

165 1532 299 1606 gentium
335 1547 371 1592 ac
405 1531 594 1607 linguarum,
628 1550 736 1593 verum
770 1534 861 1592 etiam
896 1534 926 1592 in
961 1549 1023 1593 una
1057 1537 1149 1607 gente
1178 1533 1229 1590 vel

164 1634 270 1708 lingua
292 1650 348 1709 pro
377 1640 549 1708 temporum
580 1636 748 1696 mutatione
771 1637 820 1696 vel
845 1634 1064 1710 magistrorum
1087 1634 1230 1695 studiosa

164 1735 370 1809 institutione,
404 1741 439 1796 ut
472 1737 498 1798 si
531 1737 624 1797 velim
652 1747 764 1798 cuncta
792 1738 958 1814 replicare,
987 1751 1068 1811 quae
1097 1739 1136 1797 de
1168 1735 1229 1796 hac

165 1838 385 1914 multiplicitate
423 1837 484 1896 iam
520 1840 665 1915 legimus,
704 1841 802 1916 magis
841 1855 992 1900 onerosus
1026 1855 1118 1914 quam
1156 1854 1229 1914 pro-

163 1941 341 2001 fructuosus
368 1939 478 1999 videar
500 1937 662 2001 audituris.
708 1943 853 2004 Omittam
878 1944 983 2017 igitur,
1008 1955 1088 2016 quae
1112 1938 1229 1997 infinita

164 2047 245 2112 sunt,
267 2041 328 2101 hoc
350 2047 469 2102 tantum
486 2041 654 2115 affirmans
678 2047 762 2121 quod
777 2046 936 2120 plenarius
953 2043 1121 2102 ciliciorum
1138 2040 1225 2112 ordo,

164 2145 216 2221 qui
239 2159 320 2204 nunc
341 2159 398 2218 per
419 2160 583 2203 romanum
606 2145 713 2206 orbem
737 2154 892 2219 servatur,
917 2130 989 2221 post
1011 2141 1226 2217 antiquitatem

164 2245 268 2308 multis
294 2247 488 2322 temporibus
514 2247 667 2307 evolutam
690 2245 869 2308 institutusb
892 2254 922 2309 et
944 2247 985 2308 ad
1008 2261 1129 2306 omnem
1153 2242 1226 2301 emi-

163 2349 297 2408 nentiam
331 2355 457 2409 sanetae
486 2348 643 2425 religionis
672 2356 721 2408 est
750 2350 908 2410 dilatatus.
955 2347 1122 2408 Crescente
1146 2344 1228 2404 enim

161 2450 295 2510 fidelium
317 2466 445 2539 numero
461 2460 491 2510 et
506 2449 700 2510 haeresiumc
715 2452 890 2527 pestilentia
905 2450 1101 2526 multiplicius
1116 2464 1226 2525 pacem

161 2554 338 2613 maculante
366 2551 550 2613 catholicam
581 2570 712 2614 necesse
744 2560 826 2626 erat,
853 2553 959 2627 augeri
988 2553 1101 2613 cultum
1133 2567 1227 2610 verae

161 2654 403 2725 observationis,
432 2665 466 2714 ut
495 2663 525 2716 et
551 2657 663 2716 clarior
691 2652 801 2730 religio
832 2654 1046 2715 accedentium
1070 2653 1109 2713 ad
1132 2652 1226 2712 fidem

160 2757 284 2817 animos
317 2756 461 2815 invitaret
500 2765 531 2817 et
564 2758 682 2819 auctior
713 2759 814 2818 cultus
842 2757 984 2816 veritatis
1019 2756 1224 2818 constantiam

161 2855 382 2918 catholicorum
421 2858 576 2920 adversus
614 2861 756 2921 inimicos
796 2860 983 2920 ostenderet.
1037 2858 1069 2917 ln
1103 2861 1226 2916 tantum

161 2959 295 3035 denique
324 2961 375 3019 vel
410 2961 584 3021 cantilenae
616 2964 665 3022 vel
700 2961 890 3038 psalmodiae
925 2959 1103 3020 memoriter
1136 2971 1227 3015 exer-

160 3063 279 3122 cendae
314 3078 392 3122 usus
425 3070 491 3122 erat
523 3078 612 3124 rarus
641 3063 723 3141 apud
755 3063 892 3138 prioreS,
923 3067 956 3123 ut
984 3063 1024 3122 de
1046 3056 1225 3119 novissimis

158 3179 239 3240 pene
267 3165 476 3224 Romanorum
509 3166 704 3241 praesulibus
733 3170 764 3226 et
793 3165 846 3241 qui
875 3180 932 3223 nec
961 3161 1101 3223 ducentis
1135 3157 1224 3219 annis

157 3284 362 3292 ——..—-...—

229 3331 297 3391 aoe,
315 3333 371 3382 nisi.
392 3363 423 3370 -
442 3323 454 3358 ι’
472 3332 516 3385 ml.
535 3333 663 3384 institutis.
683 3362 714 3369 -
733 3331 743 3359 ⁰
763 3348 798 3393 m,
815 3330 924 3391 heresis;
943 3329 979 3382 lh.
997 3327 1120 3390 heresim;
1139 3341 1162 3388 c,
1180 3325 1225 3376 he-

157 3432 253 3468 rasum.

231 3571 298 3620 ¹Ps.
317 3572 357 3636 69,
372 3574 394 3623 2.
430 3570 480 3624 Cir.
497 3570 625 3636 Regulam
644 3578 674 3625 st.
692 3570 788 3622 Bened.
814 3570 917 3633 cp.18:
945 3568 988 3628 „iu
1011 3565 1101 3630 primis
1124 3578 1225 3628 semper

158 3655 259 3705 diurnis
276 3654 347 3706 horis
365 3656 465 3706 dicatur
482 3671 583 3708 versus:
607 3655 674 3707 Deus
695 3657 721 3706 in
745 3653 900 3705 adiutorium
917 3654 980 3702 etc.“
1021 3648 1120 3710 „Huius
1144 3649 1225 3698 versi-

156 3740 210 3791 culi
228 3741 307 3791 oralio
325 3741 352 3790 in
369 3741 484 3792 adversis
502 3746 675 3801 mercamur,
697 3742 724 3790 in
742 3739 870 3805 prosperis
889 3742 915 3787 ut
932 3749 1064 3787 servemur
1081 3747 1128 3785 nec
1143 3730 1226 3784 extol·

157 3824 252 3885 lemur,
269 3824 416 3876 incessabili
432 3825 538 3890 iugitate
559 3825 713 3878 fundendae
750 3823 868 3885 Cassian,
888 3819 960 3873 Conl.
978 3819 1013 3882 X,
1032 3834 1053 3870 c.
1074 3821 1112 3871 10.
1147 3815 1225 3887 (Edit.

158 3909 271 3959 vincon.
290 3915 307 3958 i.
325 3908 378 3958 xiu
396 3910 494 3976 paam,
512 3925 536 3973 p.
556 3910 624 3971 302).

213 3990 335 4047 Kndplie
344 4007 365 4043 r,
379 3991 497 4034 Walalridi
512 3991 581 4034 strab,
595 3991 652 4035 liber
664 3989 691 4033 de
706 3991 803 4031 exordiis
818 3994 859 4032 ete.
1005 3992 1020 4042 6
