2768 4552
570 405 606 411 —
653 378 804 427 VIII—

152 538 294 612 idoneus,
327 541 379 614 qui
414 555 521 599 ansam
557 540 719 613 praeberet
747 542 786 601 ad
818 544 961 602 exercitia
994 542 1141 604 historica
1171 531 1225 603 vel¹

153 641 294 716 liturgica
316 642 345 700 in
371 640 546 701 seminariis
575 643 750 701 tractanda.
794 643 903 703 Plures
927 651 1028 703 autem
1059 652 1093 705 ut
1117 649 1222 720 cogni-

153 745 270 805 tionem
293 742 387 804 huius
411 743 513 820 operis
538 743 595 802 sibi
618 751 770 817 pararent,
795 745 896 804 adhuc
919 746 985 805 lieri
1009 765 1069 808 non
1091 757 1221 822 poterat,

153 847 300 922 quoniam
317 855 419 907 textus
436 861 496 905 non
515 845 572 904 nisi
595 845 625 903 in
641 847 759 922 aliquot
779 847 878 922 iisque
894 849 1035 923 plurimis
1051 850 1221 911 inaccessis

153 950 388 1010 collectionibus
413 948 583 1022 prostabal;
606 947 656 1007 ille
679 949 806 1024 insuper
828 950 946 1010 incuria
969 941 1162 1012 librariorum
1182 955 1220 1012 ab

153 1051 295 1112 omnibus
328 1050 517 1109 editionibus
548 1051 579 1108 in
609 1056 671 1110 tam
703 1050 818 1111 vitiosa
846 1052 943 1111 lornta
974 1053 1154 1124 exhibetur,
1190 1063 1223 1114 ut

153 1155 270 1214 nullum
295 1158 387 1228 caput
410 1167 471 1209 non
495 1151 577 1211 omni
601 1153 782 1211 mendorum
806 1168 921 1227 genere
941 1162 1057 1214 scateat
1080 1163 1111 1215 et
1134 1174 1222 1232 prae-

152 1264 238 1314 terea
273 1254 351 1314 salsa
387 1253 648 1330 interpunctione,
686 1270 749 1328 qua
784 1257 957 1315 sententiae
996 1264 1221 1332 pervertuntur,

154 1356 339 1431 saepissime
362 1356 518 1416 intellectu
541 1362 656 1415 careat.
694 1355 750 1416 His
776 1356 920 1418 omnibus
943 1360 1106 1434 perpensis
1130 1361 1222 1421 editio

153 1473 235 1517 nova
257 1457 351 1518 huius
381 1457 512 1532 insignis
543 1457 636 1518 libelli
664 1473 766 1534 eaque
790 1461 972 1536 castigatior
1001 1467 1031 1519 et
1061 1462 1100 1520 ad
1130 1478 1222 1521 usum

154 1559 321 1644 faciliorem
345 1559 548 1620 accomodata
568 1566 603 1618 ut
625 1561 653 1619 in
680 1554 833 1636 publicum
851 1563 1001 1635 ederetur,
1027 1579 1122 1622 causa
1145 1563 1221 1621 satis

154 1665 236 1722 iusta
260 1661 332 1721 mihi
362 1662 476 1722 adesse
499 1663 672 1734 ridebatur,
703 1679 767 1739 qua
796 1663 834 1722 de
865 1680 963 1724 causa
990 1664 1029 1722 ad
1059 1664 1220 1722 editionem

155 1780 270 1825 novam
293 1764 464 1824 faciendam
488 1766 616 1825 accessi.
661 1766 694 1824 ln
717 1768 911 1826 recensendo
932 1783 1007 1826 xero
1031 1766 1131 1825 libello
1155 1766 1221 1823 lun-

154 1867 332 1926 damentum
358 1865 431 1925 mihi
454 1866 598 1942 praebuit
620 1869 717 1927 codex
736 1869 870 1944 optimus
894 1874 988 1943 atque
1011 1874 1221 1940 pervetustus,

154 1968 206 2044 qui
228 1974 345 2028 textum
369 1970 537 2044 genuinum
557 1971 620 2029 lere
644 1969 797 2044 integrum
815 1971 960 2039 continet,
984 1968 1026 2028 St.
1045 1969 1222 2028 Gallensem

154 2070 232 2146 dico,
256 2088 384 2132 numero
407 2072 469 2131 446
493 2072 669 2146 insignitum
694 2072 759 2145 (iol.
784 2071 973 2147 ala—303).
1019 2070 1220 2145 conscriptus

154 2178 202 2233 est
224 2173 273 2233 ille
290 2167 348 2235 sub
372 2174 464 2232 linem
483 2190 543 2233 sec.
559 2174 601 2232 [Χ
622 2175 673 2232 vel
697 2174 782 2233 initio
799 2189 860 2232 sec.
877 2172 905 2230 X
928 2182 959 2230 et
975 2173 1221 2247 dilligentissime

154 2277 341 2348 exaratus13
374 2291 468 2350 quem
505 2277 546 2334 ita
578 2276 687 2334 ducem
719 2274 859 2347 adhibui,
891 2280 925 2332 ut
955 2290 1081 2351 semper
1110 2277 1221 2352 paucis

153 2366 271 2437 tantum
296 2379 434 2451 exeeptis
457 2378 543 2449 loeis,
568 2377 619 2453 qui
641 2378 811 2437 manil'estis
828 2376 951 2436 mendis
975 2377 1123 2453 inquinati
1140 2384 1222 2449 sunt,

153 2478 304 2537 lectiones
327 2478 393 2538 eius
410 2487 518 2539 contra
541 2480 677 2554 reliquas
694 2480 896 2540 recensiones
919 2481 1098 2557 reciperem.
1137 2479 1223 2539 Duos

154 2581 283 2655 insuper
314 2580 437 2640 codices
460 2583 665 2644 Monacenses
697 2582 770 2641 mihi
794 2583 932 2643 conferre
963 2583 1060 2654 licuit,
1091 2597 1220 2655 quorum

153 2685 232 2743 alter
255 2683 284 2740 in
308 2678 343 2743 4⁰
366 2700 414 2743 no.
438 2683 538 2745 14581
565 2685 630 2745 ood.
653 2685 705 2744 lat.
729 2685 893 2760 insignitus
917 2685 973 2760 (llll)
997 2700 1058 2744 sec.
1082 2682 1124 2740 Xl
1147 2694 1222 2737 exa-

131 2783 240 2846 'ratus
264 2792 312 2847 est
335 2792 364 2844 et
388 2786 450 2860 (iol.
476 2786 515 2846 65
528 2789 611 2863 sqq.)
641 2789 787 2848 nonnulla
816 2793 932 2846 tantum
964 2785 1074 2860 capita,
1106 2781 1223 2840 scilicet

156 2905 223 2964 cap.
248 2887 372 2948 21—25
400 2893 431 2947 el
453 2889 587 2961 28-30,
611 2889 750 2964 exhibet3
779 2891 858 2948 alter
879 2903 955 2945 vero
979 2885 1051 2959 (Ml)
1076 2881 1144 2942 cod.
1169 2883 1222 2941 lat.

154 2991 274 3051 Monac.
301 2989 404 3048 17184
427 2989 455 3047 in
480 2991 517 3048 40
539 2992 703 3065 insignitus
728 3009 790 3051 sec.
813 2991 866 3048 ΧΠ
890 2987 1094 3061 conscriptus
1124 2990 1222 3043 lotum

155 3093 278 3168 quidem
316 3091 450 3150 libellum
489 3092 625 3151 continet
662 3093 725 3167 (sol.
756 3092 881 3166 1-7a)‚
917 3090 944 3147 si
972 3090 1124 3146 'lacunam
1162 3103 1221 3145 non

154 3195 297 3270 exiguam
328 3194 445 3268 excipis
474 3194 539 3267 (eir.
562 3194 642 3254 inira
664 3211 734 3270 pag.
757 3191 905 3266 ‹ll—52),
937 3189 993 3248 sed
1023 3193 1146 3265 propter
1175 3190 1220 3246 in-

154 3298 271 3358 curiam
295 3296 409 3355 indocti
432 3296 548 3357 librarii
571 3297 674 3372 potius
698 3312 792 3371 quam
822 3278 948 3370 propter
970 3293 1119 3352 lectiones
1151 3307 1220 3365 pro·

154 3399 274 3458 habiles
298 3405 470 3468 memoratu
494 3399 605 3472 dignus
630 3413 701 3457 esse
724 3397 856 3456 videtur.
898 3395 1024 3455 Praeter
1046 3393 1105 3454 hos
1129 3393 1221 3452 modo

156 3501 330 3563 nominatos
346 3502 472 3561 codices
496 3501 587 3577 pauci
601 3499 652 3559 alii
670 3499 731 3559 noti
756 3506 830 3559 sunt
851 3503 991 3558 nostr-um
1016 3495 1149 3554 libellum
1169 3511 1223 3554 ex-

153 3602 304 3677 hibentes,
329 3604 459 3663 sollicel:
483 3603 549 3664 cod.
571 3603 673 3663 Vienn.
696 3601 758 3660 944
780 3617 842 3661 sec.
858 3600 900 3674 X;
925 3599 992 3659 eod.
1016 3593 1222 3659 Ashurnhum.

192 3888 196 3893 .
228 3842 237 3876 ¹
254 3837 539 3898 Clr.Sc}lerrer1Gust.,
557 3837 736 3889 Verzeichniss
754 3836 799 3888 der
810 3833 881 3887 HSS‚
900 3834 945 3886 der
963 3833 1152 3886 Stillsbibliolh.
1170 3848 1222 3882 von

145 3922 192 3975 ‘St
211 3922 310 3975 Gallen.
345 3922 420 3974 Helle
441 3925 515 3985 1875,
533 3940 558 3988 p.
578 3925 634 3976 146.
661 3988 663 3994 Ι
