2768 4552
537 348 749 395 -X1-

111 517 138 574 in
160 512 256 573 rebus
271 510 384 570 divinis
408 525 503 586 quarn
528 510 557 567 in
574 509 692 570 artibus
714 509 905 570 liberalibus.
945 511 1084 570 Graecae
1101 527 1180 588 quo-

107 631 170 692 que
201 615 326 688 linguae
349 629 420 673 eum
443 629 504 671 non
532 612 722 671 mediocrem
746 611 804 671 sibi
833 611 994 685 paravisse
1018 613 1180 673 scientiam

108 735 178 778 cum
203 733 243 777 ex
259 715 327 776 aliis
343 713 490 790 operibus
513 720 578 772 turn
602 714 725 773 exhor
748 714 850 772 iibeho
873 713 953 773 bene
977 717 1179 789 cognoveris:

107 821 316 896 interpretans
339 816 419 876 enirn
441 816 531 890 plura
546 817 645 876 rerba
661 833 699 875 ex
723 832 837 892 graeco
856 816 976 889 derivat
992 824 1086 890 atque
1103 834 1181 876 non-

109 925 214 983 nullos
238 921 336 988 locos,
359 931 438 994 quos
460 932 499 976 ex
517 918 672 993 scriptura
691 933 782 977 sacra
807 920 923 994 profert
945 920 1013 995 ipse
1037 934 1076 977 ex
1100 918 1180 977 LXX

109 1021 256 1085 versione
278 1020 370 1078 latine
392 1020 525 1079 vertisse
556 1019 714 1094 putandus
737 1023 811 1081 est¹
854 1023 962 1081 lanta
993 1037 1088 1097 puero
1113 1037 1180 1079 car-

111 1123 248 1186 minibus
271 1137 393 1198 quoque
416 1121 519 1180 latinis
543 1121 714 1184 condendis
738 1139 866 1198 operam
887 1123 980 1183 dabat
1003 1130 1034 1183 et
1058 1126 1180 1182 t'avente

114 1241 206 1286 musa
219 1224 304 1284 brevi
320 1239 421 1299 usque
438 1238 476 1281 eo
499 1225 662 1298 processit,
686 1233 720 1284 nt
737 1225 906 1285 admodum
925 1225 1180 1286 adolescentulus

117 1329 278 1403 plerosque
299 1324 394 1385 huius
418 1323 490 1384 aevi
512 1332 623 1400 poetas
646 1335 809 1403 superaret
832 1337 863 1387 et
885 1329 938 1386 rix
956 1343 1035 1389 anno
1060 1327 1180 1386 decimo

115 1429 218 1505 quinto
254 1434 382 1504 peracto
421 1426 480 1484 ianr
514 1427 590 1487 viris
625 1427 772 1501 dignitate
810 1430 1034 1505 insignioribus
1068 1445 1181 1488 versus

112 1532 232 1591 mittere
253 1531 394 1600 auderet,
425 1533 459 1586 ut
480 1527 609 1602 Ebboni,
639 1531 876 1608 archiepiscopo
900 1532 1034 1593 remensi
1044 1531 1065 1604 2,
1096 1534 1183 1605 Ago-

68 1697 70 1703 ,
110 1632 217 1703 bardo,
248 1629 435 1707 lugdunensi
466 1631 613 1706 episcopo
637 1633 863 1695 celeberrimo³
886 1643 916 1693 et
939 1634 1076 1708 Drogoni
1100 1634 1183 1708 epis·

110 1751 188 1809 copo
211 1733 384 1795 mettensi.⁴
427 1733 517 1792 Anno
550 1734 662 1793 aetatis
688 1736 726 1796 18
750 1744 892 1810 coaetus,
922 1743 956 1795 ut
983 1736 1054 1810 ipse
1082 1735 1183 1804 refert,

109 1838 199 1898 iussu
214 1835 357 1911 Adatgisi
373 1836 548 1911 presbyteri
568 1844 711 1910 poemate
727 1840 899 1898 celebravit
914 1837 1076 1905 visionem,
1100 1852 1182 1913 quae

109 1938 247 2001 Wettino
271 1938 427 1999 monacho
452 1940 592 2012 augiensi
618 1940 704 1999 tertio
729 1949 800 1999 ante
816 1941 933 2002 obitum
954 1940 1003 1998 die
1022 1955 1104 1998 anno
1121 1939 1183 1998 824

111 2040 267 2116 obtigerat
292 2056 451 2117 quamque
473 2041 666 2101 Walahidus
691 2058 728 2101 cx
752 2059 805 2102 ore
827 2043 967 2109 Wettini,
995 2041 1043 2099 cni
1073 2055 1182 2115 aegro-

110 2143 190 2203 tanti
204 2148 235 2202 et
250 2142 433 2202 moribundo
447 2142 567 2202 adiutor
580 2145 720 2203 astiterat
733 2145 841 2214 fidelis
858 2149 1002 2203 accurate
1017 2150 1182 2217 exceperat

117 2327 316 2337 ————

116 2458 219 2494 rumore
237 2444 354 2509 magister
356 2481 464 2505 .....
483 2447 524 2494 cui
543 2447 643 2497 fortuna
655 2447 725 2498 dedit
737 2446 831 2497 scholis
843 2446 971 2497 adnectier
989 2448 1064 2498 illis.“
1097 2447 1184 2512 Mignc

114 2528 131 2579 l.
151 2544 172 2599 q.
192 2529 265 2581 1068.
298 2527 332 2581 Μ.
350 2530 378 2580 G.
397 2529 413 2579 l.
432 2545 453 2581 c.
472 2532 529 2582 31111.
566 2531 707 2584 Monachus
725 2532 887 2582 Ermenricns
910 2532 937 2581 in
960 2533 1070 2596 epistula
1086 2549 1134 2582 sua
1151 2532 1184 2582 ad

115 2613 294 2666 Grimoctldum
306 2614 365 2665 data
376 2613 448 2665 dicit:
468 2614 572 2675 ,beatus
585 2616 767 2668 Walahsredus
779 2615 825 2666 tibi
841 2616 998 2678 notissimus,
1016 2634 1093 2683 quern
1107 2619 1182 2668 ctiam

46 2758 49 2765 Ι
111 2704 140 2750 tu
156 2701 213 2766 ipse
229 2704 258 2750 ut
278 2700 375 2764 peritus
397 2698 530 2764 cathegeta
546 2701 655 2765 peritum
675 2701 818 2766 sophistam
840 2702 969 2766 enutristi,
993 2707 1017 2752 et
1035 2702 1138 2766 utplus
1157 2704 1184 2752 in

112 2784 190 2835 domo
208 2784 250 2835 dei
265 2789 434 2849 praeventum
453 2800 529 2849 super
546 2784 728 2836 candelabrum
747 2785 876 2836 elevasti.“
913 2785 963 2839 Cir.
982 2786 1123 2849 Dirmmlcr,
1148 2785 1183 2837 St.

113 2867 243 2921 Gallische
260 2867 403 2920 Denkmale
426 2884 472 2919 ans
491 2868 700 2934 harolingischer
718 2871 781 2932 zeh,
805 2871 832 2920 in
850 2869 1048 2934 Mitthcilungcn
1071 2871 1116 2920 der
1139 2885 1185 2920 an·

112 2955 203 3020 tiquar.
217 2952 385 3005 Gesellschait
402 2955 429 3003 in
447 2954 539 3005 Ziirich
553 2953 605 3013 Xll,
619 2955 643 3014 6,
661 2969 685 3018 p.
698 2955 756 3005 2111.
792 2955 950 3006 Walasridus
968 2957 1023 3020 ipse
1041 2955 1185 3019 composuit

113 3053 215 3090 carmen
233 3037 363 3104 quoddam
384 3039 431 3099 „ad
449 3038 613 3089 Grimaldum
632 3040 808 3103 magistrum.“
844 3039 942 3105 Mignc,
961 3040 977 3091 l.
996 3054 1017 3092 c.
1035 3055 1060 3104 p.
1081 3040 1153 3091 1094.

114 3174 119 3180 ,
185 3127 195 3161 ¹
211 3121 261 3175 ch.
273 3124 339 3174 inira
351 3139 410 3188 pag.
423 3126 462 3183 19,
476 3127 516 3185 32,
530 3127 563 3177 34
575 3141 596 3175 e.
606 3140 629 3176 a.
664 3124 779 3188 Linguae
798 3140 904 3189 graecae
921 3125 1036 3176 studium
1055 3122 1185 3188 quomodo

112 3211 174 3259 tunc
189 3209 217 3260 in
235 3207 331 3259 scholis
349 3209 445 3259 cultum
465 3210 504 3271 sit,
523 3209 566 3260 ch.
579 3210 709 3261 notamina
727 3209 853 3274 quaedam
874 3210 943 3274 apud
955 3208 1064 3275 Koem'p,
1085 3207 1185 3268 „Ueber

113 3291 241 3343 Walairid
253 3290 344 3343 Strabo
363 3309 415 3343 von
428 3292 593 3344 Reichenau“
612 3294 638 3342 in
657 3292 811 3356 Freiburger
829 3293 1066 3344 Dibcesan-Archiv
1085 3291 1130 3342 Bd.
1143 3291 1185 3352 111,

115 3376 189 3438 1868,
199 3392 224 3441 p.
231 3377 281 3429 380
286 3391 342 3442 sqq.
354 3377 480 3428 ludieinru
491 3378 568 3427 nimis
578 3377 690 3441 rigidum
699 3377 730 3428 de
739 3377 788 3428 hac
798 3379 904 3428 materia
913 3378 1001 3428 tulisse
1012 3377 1077 3427 mihi
1085 3376 1186 3427 videtur

114 3458 221 3528 Spectet,
238 3461 280 3513 Dr.
292 3461 333 3513 Fr.
345 3463 388 3523 A,
408 3460 558 3514 Geschichte
570 3462 615 3512 des
630 3460 889 3515 Unterrichtswesens
907 3465 934 3513 in
948 3461 1120 3512 Deutschland
1133 3477 1185 3510 von

112 3544 163 3596 den
181 3535 288 3597 bitesten
305 3548 392 3600 Zeiten
410 3549 450 3600 bis
468 3548 537 3598 Mitte
555 3548 600 3598 dcs
621 3549 659 3598 13.
677 3545 765 3596 Jahrb.
797 3545 920 3611 Stuttgart
939 3547 1012 3609 1885,
1031 3544 1056 3598 S.
1078 3550 1133 3598 104.
1152 3575 1184 3583 ·-

10 3668 12 3677 .
115 3630 217 3682 ²Ebbo
243 3632 355 3698 archiep.
382 3634 454 3684 Rem.
479 3633 622 3685 ato-sao.
658 3631 691 3682 111.
711 3629 739 3682 G.
758 3631 775 3682 i.
794 3647 815 3682 c.
834 3631 866 3691 Il,
893 3647 917 3695 p.
936 3633 996 3691 35ος
1024 3631 1110 3695 Mignc
1128 3631 1146 3681 1.
1164 3646 1185 3680 e.

112 3731 138 3781 p.
151 3718 227 3771 1108.
245 3745 277 3755 -
297 3721 308 3756 ³
325 3719 481 3783 Agobardus
494 3719 572 3782 episc.
590 3716 856 3780 lugdun816-840.
886 3714 919 3764 111.
932 3713 961 3765 G.
979 3731 1004 3780 p.
1017 3717 1079 3777 3563
1099 3715 1186 3779 bligne

111 3799 131 3851 l.
149 3813 172 3851 c.
193 3803 267 3855 1112.
286 3807 348 3840 —4
372 3802 470 3867 Drogo,
495 3801 655 3866 imperatoris
682 3800 807 3850 Ludovici
834 3800 874 3850 Pii
899 3800 985 3860 irater,
1012 3801 1089 3864 episc.
1116 3798 1185 3848 Mart.

113 3885 258 3938 sta-855.
293 3885 327 3936 Μ.
346 3887 376 3940 G.
394 3902 419 3951 p.
438 3889 501 3947 3533
520 3887 606 3950 biigne
623 3886 640 3936 l.
659 3900 679 3935 c.
698 3901 722 3950 p.
743 3887 816 3936 1109.
