2768 4552
572 358 804 406 -XIv-

156 520 265 595 pulsus
290 520 381 579 celeri
411 520 482 594 luga
509 520 547 578 ad
573 517 713 580 Rhenum
746 537 780 580 se
808 523 944 593 contulit,
975 521 1112 583 lotharii
1135 542 1225 600 prae-

156 619 234 679 sidio
259 622 436 694 conlidens;
469 627 500 680 at
527 621 578 679 hie
605 637 623 679 a
654 621 797 683 iratribus
823 622 992 684 iunioribus
1016 625 1155 687 devictus
1180 630 1223 703 (in

156 723 272 797 praelio
295 740 392 800 prope
408 723 656 783 antissiodorum
675 726 702 786 d.
719 725 768 784 25.
783 725 853 783 luni
869 725 943 798 841)
968 723 1101 788 hominis
1118 745 1222 790 curam

153 840 248 900 agere
272 842 333 885 non
356 826 463 902 potuit.
510 825 610 898 Quare
635 827 725 886 exilio
749 830 849 886 latens
866 834 895 886 et
918 830 1051 889 summis
1072 835 1223 907 angustiis

156 928 399 997 circumventus,
429 942 448 984 a
470 926 599 987 Rabano
624 930 835 990 calceamenta
864 931 950 1003 petiit
972 937 1004 990 et
1026 930 1075 991 his
1098 933 1223 1008 elegicis

156 1030 301 1088 versibus
325 1045 393 1087 eum
419 1027 535 1089 allatus
558 1037 620 1090 est:

308 1125 376 1188 „Sed
393 1126 452 1177 licet
468 1129 597 1180 innumeri
616 1129 718 1194 pulsent
735 1145 793 1180 mea
811 1135 911 1194 pectora
929 1135 1042 1194 questus,

305 1211 367 1262 Plus
385 1217 470 1262 tamen
489 1214 633 1277 impugnat,
652 1214 721 1278 quod
739 1213 906 1278 nudipedalia
923 1230 1000 1278 cogar

307 1296 370 1346 Ecce
388 1298 483 1361 pati.“¹

218 1385 284 1442 Hos
300 1400 412 1443 versus
430 1387 481 1462 qni
498 1386 661 1459 diligenter
676 1388 793 1461 legerit,
813 1404 873 1446 non
898 1387 1070 1446 indubium
1088 1394 1222 1460 vocabit,

155 1487 227 1562 quin
236 1485 426 1546 Walalridns
437 1490 577 1548 scribens
588 1489 657 1547 illos
669 1488 698 1545 vi
709 1495 835 1548 coactus
848 1490 877 1546 in
891 1490 982 1548 exilio
994 1489 1124 1562 degerim
1139 1491 1221 1564 quod

154 1603 229 1647 vero
245 1603 314 1646 eum
331 1596 496 1665 postquam
511 1590 637 1652 Fuldam
653 1590 778 1664 reliquit
789 1607 846 1649 sua
859 1596 969 1666 sponte
982 1592 1010 1648 in
1025 1590 1219 1648 solitudinem

154 1706 189 1748 se
213 1691 384 1749 contulisse
407 1692 530 1767 quidam
556 1692 749 1762 contendunt,
772 1692 851 1752 adeo
876 1710 937 1752 non
962 1692 990 1750 id
1015 1697 1117 1766 potest
1140 1692 1220 1750 alsn-

154 1793 238 1866 mari,
262 1798 295 1851 ut
318 1794 470 1852 monacho
494 1810 531 1852 ne
553 1799 695 1872 potestas
724 1791 817 1852 huius
847 1795 891 1852 rei
919 1794 1016 1853 luerit.
1062 1793 1140 1851 Nam
1164 1794 1220 1852 al]-

154 1895 264 1953 solntis
287 1895 401 1954 Fuldae
424 1895 593 1956 litterarum
616 1894 728 1953 studiis
752 1911 811 1952 non
835 1896 894 1954 nisi
916 1896 1111 1971 superiorum
1128 1897 1220 1954 venia

154 1997 239 2057 aliud
263 2013 375 2057 munus
400 1998 561 2073 suscipere
586 2002 706 2071 poterat
728 1995 931 2072 Walalridus3
960 1997 1005 2056 sin
1029 1997 1116 2056 alitor
1139 2000 1165 2056 oi
1190 1998 1219 2055 in

155 2101 376 2159 monasterinm
408 2099 524 2157 directa
552 2099 603 2157 via
634 2099 824 2157 redeundum
856 2107 934 2158 erat:
964 2101 1076 2158 etenim
1105 2107 1220 2158 temere

155 2205 310 2278 egregium
335 2201 417 2260 hunc
432 2199 530 2258 virum
547 2200 662 2258 referre
684 2200 713 2258 in
730 2216 893 2260 numerum
917 2200 1075 2261 hominum
1100 2203 1219 2261 illorum

154 2304 273 2363 nonita
295 2303 468 2377 insignium,
493 2304 543 2377 qni
569 2301 711 2361 monachi
727 2303 905 2377 vagabundi
928 2320 984 2363 seu
999 2311 1149 2379 uagantes
1166 2320 1221 2379 ap-

153 2407 307 2481 pellantur
327 2406 395 2480 quis
411 2399 547 2465 audeat?
583 2405 622 2462 Et
636 2403 829 2465 Lndovicnm
853 2406 1007 2466 monacho
1031 2407 1220 2482 vagabundo

153 2507 248 2566 fillum
278 2508 446 2567 tradidisse
470 2508 665 2566 educandum
695 2510 765 2583 quis
789 2510 919 2582 cogitat?
963 2510 994 2567 ld
1023 2516 1106 2568 certe
1130 2511 1220 2582 longe

153 2610 352 2669 verisimilius
370 2617 427 2681 est,
451 2610 628 2686 imperatori
651 2627 720 2670 oum
737 2619 900 2688 quaereret
923 2613 971 2671 oni
997 2628 1091 2686 grave
1108 2628 1219 2670 munus

152 2712 206 2771 filii
229 2713 383 2772 educandi
407 2713 617 2783 committeret,
642 2715 891 2773 commendatum
916 2730 987 2772 esse
1007 2712 1220 2783 Walalridum‚

152 2815 251 2874 virum
281 2815 473 2889 ingeniosum
498 2816 748 2892 optimatumque
777 2832 879 2874 rerum
906 2814 1005 2874 studio
1028 2813 1219 2887 flagrantem.

218 2933 312 2992 Panlo
336 2938 407 3008 post
430 2949 564 3008 pugnam
589 2935 686 3008 illam,
718 2950 809 3008 quam
841 2935 919 2992 male
942 2933 1052 2990 laetam
1077 2933 1220 2991 Lothario

153 3051 248 3111 supra
282 3034 430 3106 diximus,
465 3034 654 3095 Walalridus
688 3052 757 3094 cum
791 3035 949 3104 Ludovlco
981 3049 1055 3108 rege
1089 3036 1219 3107 gratiam

153 3138 284 3197 initurus
299 3137 502 3213 deprecatore
513 3137 690 3197 Grirnoaldo
703 3135 951 3211 archicapellano
964 3135 1003 3194 ab
1021 3137 1072 3195 illo
1085 3137 1219 3208 benigne

152 3246 298 3314 receptus
322 3245 353 3297 et
375 3240 405 3297 in
426 3239 562 3314 regimen
580 3239 701 3313 Augiae
720 3237 824 3296 divitis
848 3238 1009 3297 restitutus
1034 3245 1082 3295 est
1104 3252 1133 3294 a.
1150 3236 1218 3293 842.

152 3342 198 3400 Ex
223 3348 361 3416 tempore
378 3343 537 3401 secundae
559 3340 651 3400 huius
669 3339 940 3400 administrationis
964 3341 1025 3398 sere
1051 3335 1124 3394 nihil
1145 3337 1218 3394 certi

153 3444 242 3503 nobis
267 3452 313 3504 est
336 3444 521 3516 traditum23
553 3443 667 3518 elapsis
690 3459 766 3501 vero
795 3449 914 3516 septem
936 3442 988 3500 uix
1012 3440 1099 3499 annis
1124 3439 1153 3497 in
1178 3440 1219 3496 le-

225 3649 233 3682 ¹
252 3645 348 3708 Migne‚
367 3643 383 3695 l.
402 3659 423 3694 c.
441 3659 465 3708 p.
480 3647 553 3696 1113.
572 3673 605 3681 —
625 3647 636 3680 ²
654 3643 741 3694 Unum
757 3647 858 3692 tanturn
876 3641 1059 3691 documentum
1078 3639 1156 3689 huius
1175 3640 1219 3690 ad-

153 3730 344 3780 ministrationis
365 3729 444 3795 idqne
469 3729 581 3794 pondere
604 3744 656 3778 non
683 3742 771 3778 carens
798 3726 872 3777 nobis
894 3731 1052 3776 asservatum
1078 3730 1124 3785 est,
1151 3727 1220 3790 quod

152 3813 269 3865 abbatem
282 3813 399 3865 villicum
412 3814 558 3864 monasterii
572 3814 613 3862 sui
631 3812 702 3863 haud
719 3813 837 3878 iniquum
856 3812 934 3862 luisse
952 3811 1049 3876 probat,
1068 3816 1221 3875 quapropter

151 3898 219 3954 lilud
237 3900 372 3963 appendici
389 3898 577 3950 adnectendum
595 3913 651 3948 esse
664 3898 752 3946 censui
769 3895 890 3964 (append.
909 3912 934 3947 n.
947 3895 977 3944 lli
995 3896 1061 3946 inira
1079 3911 1137 3960 pag.
1153 3893 1220 3962 106).
