<?xml version="1.0" encoding="UTF-8"?>
<!DOCTYPE html PUBLIC "-//W3C//DTD XHTML 1.0 Transitional//EN"
    "http://www.w3.org/TR/xhtml1/DTD/xhtml1-transitional.dtd">
<html xmlns="http://www.w3.org/1999/xhtml" xml:lang="en" lang="en">
 <head>
  <title>
</title>
<meta http-equiv="Content-Type" content="text/html;charset=utf-8" />
  <meta name='ocr-system' content='tesseract 3.04.00' />
  <meta name='ocr-capabilities' content='ocr_page ocr_carea ocr_par ocr_line ocrx_word'/>
</head>
<body>
  <div class='ocr_page' id='page_1' title='image "./liberdeexordiis00walagoog/liberdeexordiis00walagoog_0061.png"; bbox 0 0 2768 4552; ppageno 0'>
   <div class='ocr_carea' id='block_1_1' title="bbox 561 331 787 441">
    <p class='ocr_par' dir='ltr' id='par_1_1' title="bbox 561 331 787 441">
     <span class='ocr_line' id='line_1_1' title="bbox 576 331 787 392; baseline 0.005 -17"><span class='ocrx_word' id='word_1_1' title='bbox 576 331 787 392; x_wconf 76' lang='lat'>..38-</span> 
     </span>
     <span class='ocr_line' id='line_1_2' title="bbox 561 408 572 441; baseline 0 0"><span class='ocrx_word' id='word_1_2' title='bbox 561 408 572 441; x_wconf 67' lang='grc' dir='ltr'><strong><em>ι</em></strong></span> 
     </span>
    </p>
   </div>
   <div class='ocr_carea' id='block_1_2' title="bbox 93 500 1222 781">
    <p class='ocr_par' dir='ltr' id='par_1_2' title="bbox 93 500 1222 781">
     <span class='ocr_line' id='line_1_3' title="bbox 152 500 1222 577; baseline -0.002 -15"><span class='ocrx_word' id='word_1_3' title='bbox 152 503 246 564; x_wconf 89' lang='lat' dir='ltr'><strong>rebus</strong></span> <span class='ocrx_word' id='word_1_4' title='bbox 269 503 429 577; x_wconf 87' lang='lat' dir='ltr'><strong>sacrilegis</strong></span> <span class='ocrx_word' id='word_1_5' title='bbox 453 509 483 560; x_wconf 90' lang='lat' dir='ltr'><strong>et</strong></span> <span class='ocrx_word' id='word_1_6' title='bbox 498 501 667 577; x_wconf 85' lang='lat' dir='ltr'>prophanis</span> <span class='ocrx_word' id='word_1_7' title='bbox 684 500 929 577; x_wconf 83' lang='lat' dir='ltr'><strong>prohiberentur,</strong></span> <span class='ocrx_word' id='word_1_8' title='bbox 945 517 1001 560; x_wconf 89' lang='lat' dir='ltr'><strong>nec</strong></span> <span class='ocrx_word' id='word_1_9' title='bbox 1018 501 1055 560; x_wconf 90' lang='lat' dir='ltr'><strong>de</strong></span> <span class='ocrx_word' id='word_1_10' title='bbox 1072 501 1222 574; x_wconf 80' lang='lat' dir='ltr'><strong>gentibus</strong></span> 
     </span>
     <span class='ocr_line' id='line_1_4' title="bbox 93 601 1222 680; baseline -0.004 -13"><span class='ocrx_word' id='word_1_11' title='bbox 93 624 102 635; x_wconf 91' lang='lat'><strong>·</strong></span> <span class='ocrx_word' id='word_1_12' title='bbox 154 608 195 666; x_wconf 90' lang='lat' dir='ltr'><strong>ad</strong></span> <span class='ocrx_word' id='word_1_13' title='bbox 217 605 308 665; x_wconf 86' lang='lat' dir='ltr'><strong>fidem</strong></span> <span class='ocrx_word' id='word_1_14' title='bbox 331 605 491 664; x_wconf 87' lang='lat' dir='ltr'><strong>venientes</strong></span> <span class='ocrx_word' id='word_1_15' title='bbox 515 605 554 662; x_wconf 90' lang='lat' dir='ltr'><strong>ad</strong></span> <span class='ocrx_word' id='word_1_16' title='bbox 572 620 610 663; x_wconf 91' lang='lat' dir='ltr'><strong>ea</strong></span> <span class='ocrx_word' id='word_1_17' title='bbox 626 605 824 680; x_wconf 89' lang='lat' dir='ltr'><strong>suscipienda</strong></span> <span class='ocrx_word' id='word_1_18' title='bbox 848 605 938 680; x_wconf 84' lang='lat' dir='ltr'>quasi</span> <span class='ocrx_word' id='word_1_19' title='bbox 962 603 1052 663; x_wconf 89' lang='lat' dir='ltr'><strong>saluti</strong></span> <span class='ocrx_word' id='word_1_20' title='bbox 1071 601 1222 662; x_wconf 82' lang='lat' dir='ltr'><strong>Christia-</strong></span> 
     </span>
     <span class='ocr_line' id='line_1_5' title="bbox 154 707 680 781; baseline -0.002 -15"><span class='ocrx_word' id='word_1_21' title='bbox 154 725 263 769; x_wconf 89' lang='lat' dir='ltr'><strong>norum</strong></span> <span class='ocrx_word' id='word_1_22' title='bbox 286 707 465 766; x_wconf 88' lang='lat' dir='ltr'><strong>necessaria</strong></span> <span class='ocrx_word' id='word_1_23' title='bbox 488 711 680 781; x_wconf 82' lang='lat' dir='ltr'><strong>cogerentur.</strong></span> 
     </span>
    </p>
   </div>
   <div class='ocr_carea' id='block_1_3' title="bbox 638 1064 730 1133">
    <p class='ocr_par' dir='ltr' id='par_1_3' title="bbox 638 1064 730 1133">
     <span class='ocr_line' id='line_1_6' title="bbox 638 1064 730 1133; baseline 0 0"><span class='ocrx_word' id='word_1_24' title='bbox 638 1064 730 1133; x_wconf 87' lang='lat' dir='ltr'>XVI.</span> 
     </span>
    </p>
   </div>
   <div class='ocr_carea' id='block_1_4' title="bbox 390 1234 972 1323">
    <p class='ocr_par' dir='ltr' id='par_1_4' title="bbox 390 1234 972 1323">
     <span class='ocr_line' id='line_1_7' title="bbox 390 1234 972 1323; baseline -0.007 -19"><span class='ocrx_word' id='word_1_25' title='bbox 390 1237 443 1305; x_wconf 79' lang='lat' dir='ltr'><strong>lie</strong></span> <span class='ocrx_word' id='word_1_26' title='bbox 468 1236 650 1323; x_wconf 74' lang='lat' dir='ltr'><strong>sacrificiis</strong></span> <span class='ocrx_word' id='word_1_27' title='bbox 677 1235 754 1302; x_wconf 77' lang='lat' dir='ltr'><strong>raom</strong></span> <span class='ocrx_word' id='word_1_28' title='bbox 778 1234 972 1301; x_wconf 76' lang='lat' dir='ltr'><em>testamenti.</em></span> 
     </span>
    </p>
   </div>
   <div class='ocr_carea' id='block_1_5' title="bbox 153 1429 1305 3444">
    <p class='ocr_par' dir='ltr' id='par_1_5' title="bbox 153 1429 1305 3444">
     <span class='ocr_line' id='line_1_8' title="bbox 217 1429 1221 1513; baseline 0 -18"><span class='ocrx_word' id='word_1_29' title='bbox 217 1439 328 1513; x_wconf 89' lang='lat' dir='ltr'><strong>ltaque</strong></span> <span class='ocrx_word' id='word_1_30' title='bbox 352 1437 506 1510; x_wconf 84' lang='lat' dir='ltr'><strong>Christus,</strong></span> <span class='ocrx_word' id='word_1_31' title='bbox 534 1439 585 1512; x_wconf 92' lang='lat' dir='ltr'><strong>qui</strong></span> <span class='ocrx_word' id='word_1_32' title='bbox 616 1435 812 1495; x_wconf 80' lang='lat' dir='ltr'><strong>credentibus</strong></span> <span class='ocrx_word' id='word_1_33' title='bbox 840 1433 910 1492; x_wconf 86' lang='lat' dir='ltr'><strong>finis</strong></span> <span class='ocrx_word' id='word_1_34' title='bbox 935 1441 984 1492; x_wconf 89' lang='lat' dir='ltr'><strong>est</strong></span> <span class='ocrx_word' id='word_1_35' title='bbox 1005 1429 1094 1509; x_wconf 72' lang='lat' dir='ltr'><strong>legis</strong></span> <span class='ocrx_word' id='word_1_36' title='bbox 1117 1435 1221 1495; x_wconf 87' lang='lat' dir='ltr'><strong>carnis</strong></span> 
     </span>
     <span class='ocr_line' id='line_1_9' title="bbox 154 1536 1222 1614; baseline -0.002 -18"><span class='ocrx_word' id='word_1_37' title='bbox 154 1538 420 1614; x_wconf 84' lang='lat' dir='ltr'><strong>dispensationem</strong></span> <span class='ocrx_word' id='word_1_38' title='bbox 438 1540 576 1610; x_wconf 91' lang='lat' dir='ltr'><strong>subiens,</strong></span> <span class='ocrx_word' id='word_1_39' title='bbox 597 1538 674 1611; x_wconf 80' lang='lat' dir='ltr'><strong>legis</strong></span> <span class='ocrx_word' id='word_1_40' title='bbox 691 1542 806 1596; x_wconf 89' lang='lat' dir='ltr'><strong>statuta</strong></span> <span class='ocrx_word' id='word_1_41' title='bbox 822 1543 927 1612; x_wconf 87' lang='lat' dir='ltr'><strong>utpote</strong></span> <span class='ocrx_word' id='word_1_42' title='bbox 945 1550 963 1592; x_wconf 90' lang='lat' dir='ltr'><strong>a</strong></span> <span class='ocrx_word' id='word_1_43' title='bbox 978 1536 1044 1595; x_wconf 90' lang='lat' dir='ltr'><strong>Deo</strong></span> <span class='ocrx_word' id='word_1_44' title='bbox 1061 1536 1222 1595; x_wconf 75' lang='lat' dir='ltr'><strong>instituta³</strong></span> 
     </span>
     <span class='ocr_line' id='line_1_10' title="bbox 154 1638 1221 1718; baseline 0 -20"><span class='ocrx_word' id='word_1_45' title='bbox 154 1655 213 1700; x_wconf 87' lang='lat' dir='ltr'><strong>uon</strong></span> <span class='ocrx_word' id='word_1_46' title='bbox 237 1641 366 1716; x_wconf 84' lang='lat' dir='ltr'><strong>respuit,</strong></span> <span class='ocrx_word' id='word_1_47' title='bbox 390 1643 461 1717; x_wconf 91' lang='lat' dir='ltr'><strong>quin</strong></span> <span class='ocrx_word' id='word_1_48' title='bbox 486 1641 589 1718; x_wconf 90' lang='lat' dir='ltr'><strong>potius</strong></span> <span class='ocrx_word' id='word_1_49' title='bbox 612 1641 640 1698; x_wconf 93' lang='lat' dir='ltr'><strong>in</strong></span> <span class='ocrx_word' id='word_1_50' title='bbox 666 1654 701 1698; x_wconf 91' lang='lat' dir='ltr'><strong>se</strong></span> <span class='ocrx_word' id='word_1_51' title='bbox 716 1646 750 1697; x_wconf 93' lang='lat' dir='ltr'><strong>ut</strong></span> <span class='ocrx_word' id='word_1_52' title='bbox 764 1639 942 1698; x_wconf 83' lang='lat' dir='ltr'><strong>terminaret</strong></span> <span class='ocrx_word' id='word_1_53' title='bbox 959 1639 1104 1713; x_wconf 86' lang='lat' dir='ltr'><strong>explevit.</strong></span> <span class='ocrx_word' id='word_1_54' title='bbox 1141 1638 1221 1698; x_wconf 89' lang='lat' dir='ltr'><strong>Novi</strong></span> 
     </span>
     <span class='ocr_line' id='line_1_11' title="bbox 153 1740 1219 1816; baseline -0.001 -17"><span class='ocrx_word' id='word_1_55' title='bbox 153 1757 230 1803; x_wconf 89' lang='lat' dir='ltr'><strong>vero</strong></span> <span class='ocrx_word' id='word_1_56' title='bbox 265 1745 442 1803; x_wconf 83' lang='lat' dir='ltr'><strong>testamenti</strong></span> <span class='ocrx_word' id='word_1_57' title='bbox 480 1757 562 1803; x_wconf 81' lang='lat' dir='ltr'><strong>nova</strong></span> <span class='ocrx_word' id='word_1_58' title='bbox 596 1740 745 1816; x_wconf 81' lang='lat' dir='ltr'><strong>rriysteria</strong></span> <span class='ocrx_word' id='word_1_59' title='bbox 778 1741 818 1798; x_wconf 89' lang='lat' dir='ltr'><strong>ad</strong></span> <span class='ocrx_word' id='word_1_60' title='bbox 856 1740 1067 1798; x_wconf 90' lang='lat' dir='ltr'><strong>instruendum</strong></span> <span class='ocrx_word' id='word_1_61' title='bbox 1105 1756 1219 1799; x_wconf 83' lang='lat' dir='ltr'><strong>novum</strong></span> 
     </span>
     <span class='ocr_line' id='line_1_12' title="bbox 153 1841 1222 1918; baseline -0.001 -18"><span class='ocrx_word' id='word_1_62' title='bbox 153 1841 311 1902; x_wconf 89' lang='lat' dir='ltr'><strong>hominem</strong></span> <span class='ocrx_word' id='word_1_63' title='bbox 344 1844 480 1914; x_wconf 87' lang='lat' dir='ltr'><strong>tradidit,</strong></span> <span class='ocrx_word' id='word_1_64' title='bbox 515 1850 546 1902; x_wconf 89' lang='lat' dir='ltr'><strong>et</strong></span> <span class='ocrx_word' id='word_1_65' title='bbox 572 1849 668 1901; x_wconf 90' lang='lat' dir='ltr'><strong>morte</strong></span> <span class='ocrx_word' id='word_1_66' title='bbox 698 1858 756 1902; x_wconf 89' lang='lat' dir='ltr'><strong>sua</strong></span> <span class='ocrx_word' id='word_1_67' title='bbox 785 1849 892 1902; x_wconf 82' lang='lat' dir='ltr'><strong>uetera</strong></span> <span class='ocrx_word' id='word_1_68' title='bbox 919 1842 1081 1918; x_wconf 86' lang='lat' dir='ltr'><strong>perficiens</strong></span> <span class='ocrx_word' id='word_1_69' title='bbox 1116 1857 1222 1900; x_wconf 87' lang='lat' dir='ltr'><strong>resur-</strong></span> 
     </span>
     <span class='ocr_line' id='line_1_13' title="bbox 154 1944 1221 2020; baseline -0.001 -17"><span class='ocrx_word' id='word_1_70' title='bbox 154 1945 291 2004; x_wconf 89' lang='lat' dir='ltr'><strong>rectione</strong></span> <span class='ocrx_word' id='word_1_71' title='bbox 315 1961 374 2004; x_wconf 90' lang='lat' dir='ltr'><strong>sua</strong></span> <span class='ocrx_word' id='word_1_72' title='bbox 397 1962 479 2006; x_wconf 91' lang='lat' dir='ltr'><strong>nova</strong></span> <span class='ocrx_word' id='word_1_73' title='bbox 501 1945 642 2003; x_wconf 80' lang='lat' dir='ltr'><strong>firmavit.</strong></span> <span class='ocrx_word' id='word_1_74' title='bbox 686 1946 718 2002; x_wconf 92' lang='lat' dir='ltr'><strong>In</strong></span> <span class='ocrx_word' id='word_1_75' title='bbox 737 1960 834 2003; x_wconf 91' lang='lat' dir='ltr'><strong>caena</strong></span> <span class='ocrx_word' id='word_1_76' title='bbox 850 1944 1012 2020; x_wconf 89' lang='lat' dir='ltr'><strong>siquidem,</strong></span> <span class='ocrx_word' id='word_1_77' title='bbox 1035 1959 1130 2018; x_wconf 88' lang='lat' dir='ltr'><strong>quam</strong></span> <span class='ocrx_word' id='word_1_78' title='bbox 1147 1951 1221 2002; x_wconf 90' lang='lat' dir='ltr'><strong>ante</strong></span> 
     </span>
     <span class='ocr_line' id='line_1_14' title="bbox 156 2045 1222 2121; baseline 0 -17"><span class='ocrx_word' id='word_1_79' title='bbox 156 2047 352 2107; x_wconf 88' lang='lat' dir='ltr'><strong>traditionem</strong></span> <span class='ocrx_word' id='word_1_80' title='bbox 391 2065 478 2107; x_wconf 88' lang='lat' dir='ltr'><strong>suam</strong></span> <span class='ocrx_word' id='word_1_81' title='bbox 518 2047 657 2106; x_wconf 88' lang='lat' dir='ltr'><strong>ultimam</strong></span> <span class='ocrx_word' id='word_1_82' title='bbox 693 2062 761 2106; x_wconf 93' lang='lat' dir='ltr'><strong>cum</strong></span> <span class='ocrx_word' id='word_1_83' title='bbox 797 2046 957 2121; x_wconf 84' lang='lat' dir='ltr'><strong>discipulis</strong></span> <span class='ocrx_word' id='word_1_84' title='bbox 991 2045 1113 2119; x_wconf 88' lang='lat' dir='ltr'><strong>habuit,</strong></span> <span class='ocrx_word' id='word_1_85' title='bbox 1149 2053 1222 2120; x_wconf 89' lang='lat' dir='ltr'><strong>post</strong></span> 
     </span>
     <span class='ocr_line' id='line_1_15' title="bbox 155 2147 1221 2224; baseline -0.001 -18"><span class='ocrx_word' id='word_1_86' title='bbox 155 2149 294 2223; x_wconf 86' lang='lat' dir='ltr'><strong>paschae</strong></span> <span class='ocrx_word' id='word_1_87' title='bbox 319 2150 433 2208; x_wconf 89' lang='lat' dir='ltr'><strong>veteris</strong></span> <span class='ocrx_word' id='word_1_88' title='bbox 458 2149 610 2208; x_wconf 88' lang='lat' dir='ltr'><strong>solemnia</strong></span> <span class='ocrx_word' id='word_1_89' title='bbox 634 2148 770 2224; x_wconf 90' lang='lat' dir='ltr'><strong>corporis</strong></span> <span class='ocrx_word' id='word_1_90' title='bbox 801 2154 831 2205; x_wconf 90' lang='lat' dir='ltr'><strong>et</strong></span> <span class='ocrx_word' id='word_1_91' title='bbox 854 2147 1017 2222; x_wconf 86' lang='lat' dir='ltr'><strong>sauguinis</strong></span> <span class='ocrx_word' id='word_1_92' title='bbox 1042 2149 1090 2206; x_wconf 93' lang='lat' dir='ltr'><strong>sui</strong></span> <span class='ocrx_word' id='word_1_93' title='bbox 1114 2163 1221 2206; x_wconf 92' lang='lat' dir='ltr'><strong>sacra-</strong></span> 
     </span>
     <span class='ocr_line' id='line_1_16' title="bbox 154 2249 1221 2326; baseline 0.001 -19"><span class='ocrx_word' id='word_1_94' title='bbox 154 2257 259 2309; x_wconf 89' lang='lat' dir='ltr'><strong>menta</strong></span> <span class='ocrx_word' id='word_1_95' title='bbox 284 2251 312 2308; x_wconf 93' lang='lat' dir='ltr'><strong>in</strong></span> <span class='ocrx_word' id='word_1_96' title='bbox 336 2252 427 2326; x_wconf 86' lang='lat' dir='ltr'><strong>panis</strong></span> <span class='ocrx_word' id='word_1_97' title='bbox 450 2260 480 2309; x_wconf 92' lang='lat' dir='ltr'><strong>et</strong></span> <span class='ocrx_word' id='word_1_98' title='bbox 499 2251 563 2308; x_wconf 85' lang='lat' dir='ltr'><strong>vini</strong></span> <span class='ocrx_word' id='word_1_99' title='bbox 580 2249 756 2309; x_wconf 89' lang='lat' dir='ltr'><strong>substantia</strong></span> <span class='ocrx_word' id='word_1_100' title='bbox 772 2249 889 2308; x_wconf 89' lang='lat' dir='ltr'><strong>eisdem</strong></span> <span class='ocrx_word' id='word_1_101' title='bbox 906 2249 1067 2326; x_wconf 86' lang='lat' dir='ltr'><strong>discipulis</strong></span> <span class='ocrx_word' id='word_1_102' title='bbox 1083 2250 1221 2322; x_wconf 83' lang='lat' dir='ltr'><strong>tradidit,</strong></span> 
     </span>
     <span class='ocr_line' id='line_1_17' title="bbox 155 2352 1277 2426; baseline -0.001 -15"><span class='ocrx_word' id='word_1_103' title='bbox 155 2361 185 2411; x_wconf 87' lang='lat' dir='ltr'><strong>et</strong></span> <span class='ocrx_word' id='word_1_104' title='bbox 214 2367 251 2410; x_wconf 89' lang='lat' dir='ltr'><strong>ea</strong></span> <span class='ocrx_word' id='word_1_105' title='bbox 287 2354 314 2410; x_wconf 91' lang='lat' dir='ltr'><strong>in</strong></span> <span class='ocrx_word' id='word_1_106' title='bbox 349 2354 673 2412; x_wconf 87' lang='lat' dir='ltr'><strong>commemorationem</strong></span> <span class='ocrx_word' id='word_1_107' title='bbox 704 2352 920 2410; x_wconf 86' lang='lat' dir='ltr'><strong>sanctissimae</strong></span> <span class='ocrx_word' id='word_1_108' title='bbox 954 2367 1031 2409; x_wconf 91' lang='lat' dir='ltr'><strong>suae</strong></span> <span class='ocrx_word' id='word_1_109' title='bbox 1063 2352 1220 2426; x_wconf 91' lang='lat' dir='ltr'><strong>passionis</strong></span> <span class='ocrx_word' id='word_1_110' title='bbox 1274 2382 1277 2391; x_wconf 92' lang='lat'><em>·</em></span> 
     </span>
     <span class='ocr_line' id='line_1_18' title="bbox 155 2447 1272 2527; baseline 0.001 -15"><span class='ocrx_word' id='word_1_111' title='bbox 155 2453 313 2513; x_wconf 87' lang='lat' dir='ltr'><strong>celebrare</strong></span> <span class='ocrx_word' id='word_1_112' title='bbox 337 2454 505 2526; x_wconf 90' lang='lat' dir='ltr'><strong>perdocuit.</strong></span> <span class='ocrx_word' id='word_1_113' title='bbox 551 2453 630 2512; x_wconf 90' lang='lat' dir='ltr'><strong>Nihil</strong></span> <span class='ocrx_word' id='word_1_114' title='bbox 655 2468 729 2527; x_wconf 82' lang='lat' dir='ltr'><strong>ergo</strong></span> <span class='ocrx_word' id='word_1_115' title='bbox 753 2453 971 2526; x_wconf 80' lang='lat' dir='ltr'><strong>congruentius</strong></span> <span class='ocrx_word' id='word_1_116' title='bbox 988 2452 1035 2512; x_wconf 92' lang='lat' dir='ltr'><strong>his</strong></span> <span class='ocrx_word' id='word_1_117' title='bbox 1053 2453 1221 2526; x_wconf 84' lang='lat' dir='ltr'><strong>speciebus</strong></span> <span class='ocrx_word' id='word_1_118' title='bbox 1268 2447 1272 2453; x_wconf 78' lang='grc'><strong>’</strong></span> 
     </span>
     <span class='ocr_line' id='line_1_19' title="bbox 155 2554 1221 2630; baseline 0.001 -17"><span class='ocrx_word' id='word_1_119' title='bbox 155 2555 193 2614; x_wconf 92' lang='lat' dir='ltr'><strong>ad</strong></span> <span class='ocrx_word' id='word_1_120' title='bbox 217 2556 451 2629; x_wconf 78' lang='lat' dir='ltr'><strong>significandam</strong></span> <span class='ocrx_word' id='word_1_121' title='bbox 475 2555 583 2628; x_wconf 86' lang='lat' dir='ltr'><strong>capitis</strong></span> <span class='ocrx_word' id='word_1_122' title='bbox 607 2561 700 2630; x_wconf 90' lang='lat' dir='ltr'><strong>atque</strong></span> <span class='ocrx_word' id='word_1_123' title='bbox 724 2554 933 2614; x_wconf 86' lang='lat' dir='ltr'><strong>membrorum</strong></span> <span class='ocrx_word' id='word_1_124' title='bbox 949 2555 1096 2613; x_wconf 89' lang='lat' dir='ltr'><strong>unitatem</strong></span> <span class='ocrx_word' id='word_1_125' title='bbox 1120 2555 1221 2629; x_wconf 86' lang='lat' dir='ltr'><strong>potuit</strong></span> 
     </span>
     <span class='ocr_line' id='line_1_20' title="bbox 155 2653 1220 2734; baseline 0.001 -20"><span class='ocrx_word' id='word_1_126' title='bbox 155 2658 301 2728; x_wconf 86' lang='lat' dir='ltr'><strong>inveniri,</strong></span> <span class='ocrx_word' id='word_1_127' title='bbox 340 2657 412 2733; x_wconf 90' lang='lat' dir='ltr'><strong>quia</strong></span> <span class='ocrx_word' id='word_1_128' title='bbox 443 2657 586 2717; x_wconf 81' lang='lat' dir='ltr'><strong>videlicet</strong></span> <span class='ocrx_word' id='word_1_129' title='bbox 623 2653 733 2734; x_wconf 79' lang='lat' dir='ltr'><strong>panisb</strong></span> <span class='ocrx_word' id='word_1_130' title='bbox 767 2658 804 2716; x_wconf 91' lang='lat' dir='ltr'><strong>de</strong></span> <span class='ocrx_word' id='word_1_131' title='bbox 844 2656 946 2717; x_wconf 83' lang='lat' dir='ltr'><strong>multis</strong></span> <span class='ocrx_word' id='word_1_132' title='bbox 980 2659 1084 2732; x_wconf 86' lang='lat' dir='ltr'><strong>grauis</strong></span> <span class='ocrx_word' id='word_1_133' title='bbox 1120 2673 1220 2732; x_wconf 90' lang='lat' dir='ltr'><strong>aquae</strong></span> 
     </span>
     <span class='ocr_line' id='line_1_21' title="bbox 156 2759 1221 2835; baseline -0.003 -16"><span class='ocrx_word' id='word_1_134' title='bbox 156 2761 285 2833; x_wconf 82' lang='lat' dir='ltr'><strong>coagulo</strong></span> <span class='ocrx_word' id='word_1_135' title='bbox 321 2759 349 2817; x_wconf 92' lang='lat' dir='ltr'><strong>in</strong></span> <span class='ocrx_word' id='word_1_136' title='bbox 382 2775 475 2817; x_wconf 92' lang='lat' dir='ltr'><strong>unum</strong></span> <span class='ocrx_word' id='word_1_137' title='bbox 512 2776 624 2835; x_wconf 90' lang='lat' dir='ltr'><strong>corpus</strong></span> <span class='ocrx_word' id='word_1_138' title='bbox 656 2759 817 2832; x_wconf 81' lang='lat' dir='ltr'><strong>redigitur,</strong></span> <span class='ocrx_word' id='word_1_139' title='bbox 852 2766 882 2818; x_wconf 89' lang='lat' dir='ltr'><strong>et</strong></span> <span class='ocrx_word' id='word_1_140' title='bbox 911 2759 1016 2818; x_wconf 90' lang='lat' dir='ltr'><strong>vinum</strong></span> <span class='ocrx_word' id='word_1_141' title='bbox 1046 2776 1086 2818; x_wconf 87' lang='lat' dir='ltr'><strong>cx</strong></span> <span class='ocrx_word' id='word_1_142' title='bbox 1116 2760 1221 2818; x_wconf 92' lang='lat' dir='ltr'><strong>multis</strong></span> 
     </span>
     <span class='ocr_line' id='line_1_22' title="bbox 156 2859 1305 2941; baseline -0.001 -20"><span class='ocrx_word' id='word_1_143' title='bbox 156 2862 251 2921; x_wconf 92' lang='lat' dir='ltr'><strong>acinis</strong></span> <span class='ocrx_word' id='word_1_144' title='bbox 282 2860 476 2936; x_wconf 89' lang='lat' dir='ltr'><strong>exprimitur,</strong></span> <span class='ocrx_word' id='word_1_145' title='bbox 498 2861 561 2941; x_wconf 30' lang='lat' dir='ltr'><strong>‚sic</strong></span> <span class='ocrx_word' id='word_1_146' title='bbox 599 2870 629 2920; x_wconf 89' lang='lat' dir='ltr'><strong>ct</strong></span> <span class='ocrx_word' id='word_1_147' title='bbox 663 2878 776 2938; x_wconf 89' lang='lat' dir='ltr'><strong>corpus</strong></span> <span class='ocrx_word' id='word_1_148' title='bbox 812 2859 923 2920; x_wconf 82' lang='lat' dir='ltr'><strong>Christi</strong></span> <span class='ocrx_word' id='word_1_149' title='bbox 956 2877 994 2920; x_wconf 86' lang='lat' dir='ltr'><strong>ex</strong></span> <span class='ocrx_word' id='word_1_150' title='bbox 1028 2860 1221 2920; x_wconf 89' lang='lat' dir='ltr'><strong>multitudine</strong></span> <span class='ocrx_word' id='word_1_151' title='bbox 1301 2897 1305 2903; x_wconf 93' lang='lat'>-</span> 
     </span>
     <span class='ocr_line' id='line_1_23' title="bbox 155 2959 1220 3039; baseline 0.001 -17"><span class='ocrx_word' id='word_1_152' title='bbox 155 2971 335 3022; x_wconf 88' lang='lat' dir='ltr'><strong>sanctorum</strong></span> <span class='ocrx_word' id='word_1_153' title='bbox 361 2963 537 3021; x_wconf 87' lang='lat' dir='ltr'><strong>coadunata</strong></span> <span class='ocrx_word' id='word_1_154' title='bbox 554 2966 734 3039; x_wconf 88' lang='lat' dir='ltr'><strong>completur.</strong></span> <span class='ocrx_word' id='word_1_155' title='bbox 771 2959 860 3022; x_wconf 92' lang='lat' dir='ltr'><strong>Unde</strong></span> <span class='ocrx_word' id='word_1_156' title='bbox 877 2964 1015 3022; x_wconf 77' lang='lat' dir='ltr'><strong>consulte</strong></span> <span class='ocrx_word' id='word_1_157' title='bbox 1032 2963 1220 3037; x_wconf 88' lang='lat' dir='ltr'><strong>aprioribus</strong></span> 
     </span>
     <span class='ocr_line' id='line_1_24' title="bbox 155 3064 1220 3140; baseline 0 -16"><span class='ocrx_word' id='word_1_158' title='bbox 155 3072 304 3125; x_wconf 88' lang='lat' dir='ltr'><strong>statutum</strong></span> <span class='ocrx_word' id='word_1_159' title='bbox 329 3073 383 3134; x_wconf 90' lang='lat' dir='ltr'><strong>est,</strong></span> <span class='ocrx_word' id='word_1_160' title='bbox 408 3080 446 3122; x_wconf 91' lang='lat' dir='ltr'><strong>ne</strong></span> <span class='ocrx_word' id='word_1_161' title='bbox 468 3064 573 3123; x_wconf 85' lang='lat' dir='ltr'><strong>vinum</strong></span> <span class='ocrx_word' id='word_1_162' title='bbox 599 3067 626 3123; x_wconf 92' lang='lat' dir='ltr'><strong>in</strong></span> <span class='ocrx_word' id='word_1_163' title='bbox 651 3064 803 3124; x_wconf 87' lang='lat' dir='ltr'><strong>sacrificio</strong></span> <span class='ocrx_word' id='word_1_164' title='bbox 827 3065 894 3123; x_wconf 89' lang='lat' dir='ltr'><strong>sine</strong></span> <span class='ocrx_word' id='word_1_165' title='bbox 918 3080 1017 3140; x_wconf 90' lang='lat' dir='ltr'><strong>aquae</strong></span> <span class='ocrx_word' id='word_1_166' title='bbox 1034 3065 1220 3124; x_wconf 85' lang='lat' dir='ltr'><strong>admixtione</strong></span> 
     </span>
     <span class='ocr_line' id='line_1_25' title="bbox 154 3151 1220 3242; baseline -0.002 -17"><span class='ocrx_word' id='word_1_167' title='bbox 154 3165 309 3235; x_wconf 84' lang='lat' dir='ltr'><strong>offeratur,</strong></span> <span class='ocrx_word' id='word_1_168' title='bbox 333 3174 364 3225; x_wconf 94' lang='lat' dir='ltr'><strong>ut</strong></span> <span class='ocrx_word' id='word_1_169' title='bbox 387 3167 532 3227; x_wconf 89' lang='lat' dir='ltr'><strong>videlicet</strong></span> <span class='ocrx_word' id='word_1_170' title='bbox 554 3183 610 3242; x_wconf 89' lang='lat' dir='ltr'><strong>per</strong></span> <span class='ocrx_word' id='word_1_171' title='bbox 631 3151 692 3226; x_wconf 84' lang='lat' dir='ltr'><strong>hoc</strong></span> <span class='ocrx_word' id='word_1_172' title='bbox 707 3167 868 3238; x_wconf 89' lang='lat' dir='ltr'><strong>iudicetur,</strong></span> <span class='ocrx_word' id='word_1_173' title='bbox 885 3168 1017 3241; x_wconf 89' lang='lat' dir='ltr'><strong>populus</strong></span> <span class='ocrx_word' id='word_1_174' title='bbox 1042 3166 1093 3242; x_wconf 92' lang='lat' dir='ltr'><strong>qui</strong></span> <span class='ocrx_word' id='word_1_175' title='bbox 1110 3181 1220 3224; x_wconf 88' lang='lat' dir='ltr'><strong>secun·</strong></span> 
     </span>
     <span class='ocr_line' id='line_1_26' title="bbox 156 3260 1219 3351; baseline -0.001 -24"><span class='ocrx_word' id='word_1_176' title='bbox 156 3270 226 3328; x_wconf 93' lang='lat' dir='ltr'><strong>dum</strong></span> <span class='ocrx_word' id='word_1_177' title='bbox 252 3269 397 3327; x_wconf 90' lang='lat' dir='ltr'><strong>loannem</strong></span> <span class='ocrx_word' id='word_1_178' title='bbox 416 3260 523 3345; x_wconf 69' lang='lat' dir='ltr'><strong>&#39;aquae</strong></span> <span class='ocrx_word' id='word_1_179' title='bbox 547 3272 644 3340; x_wconf 89' lang='lat' dir='ltr'><strong>sunt¹,</strong></span> <span class='ocrx_word' id='word_1_180' title='bbox 668 3285 686 3327; x_wconf 90' lang='lat' dir='ltr'><strong>a</strong></span> <span class='ocrx_word' id='word_1_181' title='bbox 710 3266 852 3351; x_wconf 72' lang='lat' dir='ltr'><strong>Christo,</strong></span> <span class='ocrx_word' id='word_1_182' title='bbox 872 3269 982 3326; x_wconf 92' lang='lat' dir='ltr'><strong>cuius</strong></span> <span class='ocrx_word' id='word_1_183' title='bbox 1006 3266 1162 3341; x_wconf 84' lang='lat' dir='ltr'><strong>sanguis</strong></span> <span class='ocrx_word' id='word_1_184' title='bbox 1187 3267 1219 3326; x_wconf 96' lang='lat' dir='ltr'><strong>in</strong></span> 
     </span>
     <span class='ocr_line' id='line_1_27' title="bbox 157 3369 1220 3444; baseline 0.001 -16"><span class='ocrx_word' id='word_1_185' title='bbox 157 3371 279 3430; x_wconf 86' lang='lat' dir='ltr'><strong>calice</strong></span> <span class='ocrx_word' id='word_1_186' title='bbox 303 3371 391 3442; x_wconf 81' lang='lat' dir='ltr'><strong>est2,</strong></span> <span class='ocrx_word' id='word_1_187' title='bbox 407 3369 502 3430; x_wconf 80' lang='lat' dir='ltr'><strong>diuidi</strong></span> <span class='ocrx_word' id='word_1_188' title='bbox 519 3389 579 3431; x_wconf 92' lang='lat' dir='ltr'><strong>non</strong></span> <span class='ocrx_word' id='word_1_189' title='bbox 597 3371 720 3430; x_wconf 90' lang='lat' dir='ltr'><strong>debere.</strong></span> <span class='ocrx_word' id='word_1_190' title='bbox 746 3371 831 3442; x_wconf 73' lang='lat' dir='ltr'><strong>drgo</strong></span> <span class='ocrx_word' id='word_1_191' title='bbox 849 3385 906 3427; x_wconf 90' lang='lat' dir='ltr'><strong>nec</strong></span> <span class='ocrx_word' id='word_1_192' title='bbox 921 3370 1027 3430; x_wconf 80' lang='lat' dir='ltr'><strong>vinum</strong></span> <span class='ocrx_word' id='word_1_193' title='bbox 1044 3371 1110 3427; x_wconf 92' lang='lat' dir='ltr'><strong>sine</strong></span> <span class='ocrx_word' id='word_1_194' title='bbox 1128 3384 1220 3444; x_wconf 89' lang='lat' dir='ltr'><strong>aqua,</strong></span> 
     </span>
    </p>
   </div>
   <div class='ocr_carea' id='block_1_6' title="bbox 115 3525 1222 3941">
    <p class='ocr_par' dir='ltr' id='par_1_6' title="bbox 223 3525 820 3600">
     <span class='ocr_line' id='line_1_28' title="bbox 223 3525 820 3600; baseline 0.002 -14"><span class='ocrx_word' id='word_1_195' title='bbox 223 3538 289 3599; x_wconf 69' lang='lat' dir='ltr'><strong>aoe,</strong></span> <span class='ocrx_word' id='word_1_196' title='bbox 308 3553 358 3587; x_wconf 91' lang='lat' dir='ltr'><strong>om.</strong></span> <span class='ocrx_word' id='word_1_197' title='bbox 378 3539 497 3587; x_wconf 87' lang='lat' dir='ltr'><strong>instituta.</strong></span> <span class='ocrx_word' id='word_1_198' title='bbox 517 3568 547 3575; x_wconf 91' lang='lat'>—</span> <span class='ocrx_word' id='word_1_199' title='bbox 569 3525 581 3565; x_wconf 84' lang='lat' dir='ltr'><strong>b</strong></span> <span class='ocrx_word' id='word_1_200' title='bbox 601 3553 638 3600; x_wconf 89' lang='lat' dir='ltr'><strong>oe,</strong></span> <span class='ocrx_word' id='word_1_201' title='bbox 658 3537 722 3586; x_wconf 88' lang='lat' dir='ltr'><strong>sicut</strong></span> <span class='ocrx_word' id='word_1_202' title='bbox 739 3537 820 3600; x_wconf 87' lang='lat' dir='ltr'><strong>panis.</strong></span> 
     </span>
    </p>

    <p class='ocr_par' dir='ltr' id='par_1_7' title="bbox 115 3706 1222 3941">
     <span class='ocr_line' id='line_1_29' title="bbox 227 3706 1222 3772; baseline -0.002 -15"><span class='ocrx_word' id='word_1_203' title='bbox 227 3711 235 3744; x_wconf 90' lang='lat'><strong>¹</strong></span> <span class='ocrx_word' id='word_1_204' title='bbox 254 3709 335 3772; x_wconf 87' lang='lat' dir='ltr'><strong>Apoc.</strong></span> <span class='ocrx_word' id='word_1_205' title='bbox 353 3707 430 3769; x_wconf 89' lang='lat' dir='ltr'><strong>XVll,</strong></span> <span class='ocrx_word' id='word_1_206' title='bbox 445 3710 483 3760; x_wconf 83' lang='lat'><strong>15.</strong></span> <span class='ocrx_word' id='word_1_207' title='bbox 519 3710 619 3771; x_wconf 87' lang='lat' dir='ltr'><strong>Aquae,</strong></span> <span class='ocrx_word' id='word_1_208' title='bbox 639 3721 702 3772; x_wconf 87' lang='lat' dir='ltr'><strong>quas</strong></span> <span class='ocrx_word' id='word_1_209' title='bbox 720 3706 813 3768; x_wconf 89' lang='lat' dir='ltr'><strong>vidisti,</strong></span> <span class='ocrx_word' id='word_1_210' title='bbox 832 3706 876 3758; x_wconf 88' lang='lat' dir='ltr'><strong>ubi</strong></span> <span class='ocrx_word' id='word_1_211' title='bbox 895 3707 1011 3755; x_wconf 81' lang='lat' dir='ltr'><strong>meretrix</strong></span> <span class='ocrx_word' id='word_1_212' title='bbox 1031 3706 1113 3769; x_wconf 86' lang='lat' dir='ltr'><strong>sedet,</strong></span> <span class='ocrx_word' id='word_1_213' title='bbox 1132 3707 1222 3770; x_wconf 90' lang='lat' dir='ltr'><strong>populi</strong></span> 
     </span>
     <span class='ocr_line' id='line_1_30' title="bbox 115 3790 1222 3857; baseline -0.001 -16"><span class='ocrx_word' id='word_1_214' title='bbox 115 3845 117 3849; x_wconf 58' lang='grc'>,</span> <span class='ocrx_word' id='word_1_215' title='bbox 156 3797 255 3842; x_wconf 89' lang='lat' dir='ltr'><strong>suntet</strong></span> <span class='ocrx_word' id='word_1_216' title='bbox 273 3797 360 3857; x_wconf 85' lang='lat' dir='ltr'><strong>gentes</strong></span> <span class='ocrx_word' id='word_1_217' title='bbox 379 3797 402 3842; x_wconf 88' lang='lat' dir='ltr'><strong>et</strong></span> <span class='ocrx_word' id='word_1_218' title='bbox 420 3792 534 3856; x_wconf 80' lang='lat' dir='ltr'><strong>linguae.</strong></span> <span class='ocrx_word' id='word_1_219' title='bbox 562 3819 593 3826; x_wconf 90' lang='lat'>—</span> <span class='ocrx_word' id='word_1_220' title='bbox 625 3790 698 3840; x_wconf 85' lang='lat' dir='ltr'><strong>²His</strong></span> <span class='ocrx_word' id='word_1_221' title='bbox 716 3790 801 3841; x_wconf 90' lang='lat' dir='ltr'><strong>verbis</strong></span> <span class='ocrx_word' id='word_1_222' title='bbox 820 3792 916 3856; x_wconf 87' lang='lat' dir='ltr'><strong>dogma</strong></span> <span class='ocrx_word' id='word_1_223' title='bbox 934 3791 1222 3841; x_wconf 82' lang='lat' dir='ltr'><strong>transsubstantiationis</strong></span> 
     </span>
     <span class='ocr_line' id='line_1_31' title="bbox 155 3876 1222 3941; baseline 0 -15"><span class='ocrx_word' id='word_1_224' title='bbox 155 3879 267 3941; x_wconf 87' lang='lat' dir='ltr'><strong>praecise</strong></span> <span class='ocrx_word' id='word_1_225' title='bbox 285 3884 309 3928; x_wconf 90' lang='lat' dir='ltr'><strong>et</strong></span> <span class='ocrx_word' id='word_1_226' title='bbox 328 3877 443 3927; x_wconf 89' lang='lat' dir='ltr'><strong>distincte</strong></span> <span class='ocrx_word' id='word_1_227' title='bbox 462 3890 610 3940; x_wconf 86' lang='lat' dir='ltr'><strong>expressum</strong></span> <span class='ocrx_word' id='word_1_228' title='bbox 629 3891 684 3927; x_wconf 89' lang='lat' dir='ltr'><strong>esse</strong></span> <span class='ocrx_word' id='word_1_229' title='bbox 702 3891 778 3927; x_wconf 88' lang='lat' dir='ltr'><strong>nemo</strong></span> <span class='ocrx_word' id='word_1_230' title='bbox 797 3893 848 3928; x_wconf 90' lang='lat' dir='ltr'><strong>non</strong></span> <span class='ocrx_word' id='word_1_231' title='bbox 867 3876 945 3936; x_wconf 87' lang='lat' dir='ltr'><strong>videt,</strong></span> <span class='ocrx_word' id='word_1_232' title='bbox 962 3876 1109 3940; x_wconf 87' lang='lat' dir='ltr'><strong>praesertim</strong></span> <span class='ocrx_word' id='word_1_233' title='bbox 1127 3876 1148 3925; x_wconf 92' lang='lat' dir='ltr'><strong>si</strong></span> <span class='ocrx_word' id='word_1_234' title='bbox 1161 3890 1222 3926; x_wconf 89' lang='lat' dir='ltr'><strong>con-</strong></span> 
     </span>
    </p>
   </div>
   <div class='ocr_carea' id='block_1_7' title="bbox 0 0 1390 4552">
    <p class='ocr_par' dir='ltr' id='par_1_8' title="bbox 0 0 1390 4552">
     <span class='ocr_line' id='line_1_32' title="bbox 0 0 1390 4552; baseline 0 0"><span class='ocrx_word' id='word_1_235' title='bbox 0 0 1390 4552; x_wconf 95' lang='lat' dir='ltr'><strong> </strong></span> 
     </span>
    </p>
   </div>
  </div>
 </body>
</html>
