2768 4552
541 299 796 394 -101-¹

125 520 225 580 cappa
246 505 331 565 beati
353 505 482 576 llartini,
506 521 599 580 quam
622 520 714 578 reges
736 504 923 563 Francorum
946 502 984 561 ob
1008 503 1193 564 adiutorium

125 607 273 666 uictoriae
297 606 326 664 in
352 601 476 682 praeliis
497 608 639 666 solebant
661 621 768 665 secum
791 604 918 674 habere,
943 620 1036 679 quam
1059 606 1194 666 terentes

125 715 155 766 et
178 709 390 768 custodientes
408 724 476 767 cum
498 711 630 770 caeteris
647 691 825 769 sanctorum
842 709 979 782 reliquiis
1002 709 1104 768 clerici
1121 725 1193 785 cap-

125 812 239 887 pellani
271 818 440 886 coeperunt
469 813 584 871 vocari.
609 810 769 870 —Porro
799 810 878 869 sicut
907 811 1035 870 comites
1067 811 1194 886 quidam

127 914 240 973 missos
268 929 343 972 suos
367 920 565 989 praeponunt
588 914 802 989 popularibus,
833 913 885 986 qui
914 913 1048 972 minores
1079 929 1194 974 causas

126 1015 344 1088 determinent,
374 1017 450 1090 ipsis
482 1017 599 1075 maiora
627 1021 800 1090 reservent,
830 1015 872 1072 ita
900 1013 1023 1090 quidam
1054 1018 1195 1092 episcopi

127 1117 388 1193 chorepiscoposa
418 1116 548 1190 habent,
585 1119 636 1192 qui
669 1120 699 1177 in
733 1117 827 1176 rebus
863 1116 921 1175 sibi
952 1118 1193 1190 congruentibus
1243 1124 1245 1131 '

127 1235 207 1295 quae
231 1219 433 1294 iniunguntur
455 1219 599 1279 elliciunt.
617 1253 655 1261 -
673 1218 847 1279 Centenarii
864 1218 916 1294 qui
932 1223 963 1276 et
978 1218 1195 1280 centurionesb

126 1325 177 1381 vel
193 1323 310 1392 vicarii,
334 1323 386 1397 qui
411 1337 464 1396 per
488 1338 586 1397 pagos
604 1323 708 1381 statuti
729 1330 808 1393 sunt,
833 1320 1024 1397 presbyteris
1048 1321 1194 1396 plebium,

127 1426 179 1500 qui
202 1426 402 1498 baptismales
425 1425 576 1483 ecclesias
599 1430 705 1482 tenent
727 1430 758 1482 et
780 1423 951 1483 minoribus
980 1424 1195 1498 praesbyteris

127 1533 286 1602 praesunt,
303 1526 434 1586 conferri
450 1532 575 1602 queunt.
591 1560 634 1570 —
650 1527 842 1585 Decurioncs
858 1527 908 1585 vel
926 1525 1043 1596 decani,
1069 1523 1119 1601 qui
1136 1527 1194 1586 sub

52 1646 57 1653 ·
124 1631 202 1705 ipsis
221 1629 345 1688 vicariis
369 1629 525 1705 quaedam
548 1631 668 1689 minora
690 1634 844 1698 exercent,
866 1628 1038 1687 minoribus
1063 1628 1195 1705 presby-

126 1733 199 1792 teris
215 1733 370 1792 titulorum
385 1738 519 1807 possunt
535 1733 718 1808 comparari.
731 1766 772 1774 —
785 1731 850 1791 Sub
867 1730 943 1806 ipsis
960 1731 1106 1790 ministris
1124 1747 1195 1790 cen-

124 1836 312 1894 tenariorum
330 1841 402 1894 sunt
418 1835 520 1894 adhuc
535 1835 678 1908 minores,
702 1836 753 1910 qui
775 1829 951 1909 collectarii,
975 1835 1195 1909 quaterniones

124 1940 174 1997 vel
199 1937 352 1996 duumviri
376 1943 507 2013 possunt
530 1919 694 2013 appellari,
726 1937 799 2012 quia
823 1935 971 2009 colligunt
996 1936 1142 2010 populum
1165 1942 1195 1995 et

125 2039 193 2113 ipso
225 2055 354 2097 numero
385 2039 558 2106 ostendunt,
589 2055 624 2098 se
655 2039 780 2098 decanis
812 2048 899 2097 essec
927 2037 1072 2095 minores.
1118 2036 1197 2098 Sunt

126 2147 230 2200 autem
254 2142 327 2217 ipsa
347 2141 502 2201 vocabula
525 2141 563 2199 ab
587 2143 715 2218 antiqua
739 2136 965 2201 consuetudine
988 2147 1136 2212 mutuata,
1166 2141 1196 2199 in

126 2258 189 2317 qua
213 2243 316 2302 cilicia
340 2245 546 2318 praelatorum
571 2243 752 2302 dicebantur
775 2252 967 2302 ex'numero
986 2242 1195 2303 subiectorum

125 2352 160 2403 ut
187 2352 261 2405 sunt
291 2344 448 2404 chiliarchi
478 2360 598 2420 graece,
629 2347 723 2404 latine
752 2343 920 2412 millenarii,
950 2346 1116 2403 centenarii
1146 2348 1196 2406 vel

127 2448 333 2515 centuriones,
366 2446 618 2523 pentacontarchi
641 2450 692 2506 vel
715 2448 981 2522 quinquagenarii,
1012 2448 1124 2507 decani
1144 2450 1195 2508 vel

126 2544 324 2623 decurion'es,
356 2551 590 2627 quaterniones,
619 2550 782 2610 duumviri.
807 2583 846 2592 —
871 2549 920 2607 Ad
944 2550 1067 2621 horum,
1091 2547 1124 2610 id
1148 2559 1197 2612 est

126 2648 297 2711 minorumd
322 2653 550 2713 similitudinem
580 2658 652 2711 sunt
680 2652 802 2712 diaconi
833 2658 863 2709 et
886 2652 1080 2723 subdiaconi,
1109 2671 1196 2729 pres·

126 2753 305 2830 byterorum
320 2754 480 2814 adiutores
493 2755 522 2812 in
535 2753 642 2824 verbo,
655 2753 808 2827 baptismo
821 2758 852 2811 et
864 2753 1019 2813 cotidiano
1034 2753 1142 2815 officie.
1154 2789 1195 2798 -

128 2856 207 2916 Sunt
227 2859 317 2918 etiam
336 2857 595 2932 archipresbyteri
618 2858 647 2915 in
669 2856 838 2931 episcopiis
855 2856 1073 2915 canonicorum
1090 2871 1195 2916 curam

128 2965 282 3030 gerentes
299 2993 339 3001 —
356 2960 477 3018 Habent
493 2965 522 3018 et
546 2964 709 3035 potentese
733 2960 848 3018 saeculi
869 2959 1063 3018 consiliarios
1082 2957 1116 3016 'in
1140 2958 1196 3019 do-

127 3061 265 3120 mesticis
289 3066 320 3119 et
342 3061 508 3121 liberorum
524 3062 726 3136 paedagogos
743 3076 880 3130 suorum,
903 3058 1022 3119 habent
1042 3057 1101 3132 ipsi
1124 3075 1196 3135 pro-

126 3169 286 3223 curatores
315 3164 359 3221 rei
393 3162 566 3235 familiaris3
601 3164 740 3222 similiter
773 3163 804 3220 in
840 3162 1025 3238 quibusdam
1055 3162 1195 3222 ecclesiis

126 3260 184 3325 adf
206 3264 443 3325 archidiaconos
472 3265 605 3325 familiae
628 3265 754 3341 respicit
776 3265 969 3340 gubernatio.
994 3296 1031 3303 —
1058 3261 1137 3328 Sunt
1163 3264 1194 3322 in

128 3368 341 3426 saecularibus
365 3369 594 3443 quaestionarii,
617 3367 648 3425 id
672 3373 720 3428 est
743 3368 795 3442 qui
818 3383 890 3425 reos
915 3364 1099 3434 examinant,
1125 3373 1198 3440 sunt

129 3465 158 3523 in
182 3469 315 3528 ecclesia
331 3469 515 3546 exorcistae,
539 3471 724 3529 daemonum
746 3471 926 3527 exclusores
933 3490 942 3541 ,-
965 3466 1081 3526 habent
1104 3468 1196 3526 aulae

129 3568 299 3642 potentium
327 3573 482 3644 ianitores,
513 3572 609 3631 habet
636 3580 667 3630 et
689 3572 800 3630 domus
822 3565 879 3629 Dei
910 3570 1071 3642 ostiarios3
1102 3569 1198 3628 habet

197 3800 210 3827 ⁸
227 3818 265 3866 oe,
289 3805 461 3871 coepiscopos.
484 3804 518 3843 '—
541 3794 612 3868 boe,
635 3805 834 3857 centenariones.
853 3835 884 3842 -
902 3801 915 3833 ⁰
933 3804 979 3866 ml,
1002 3821 1053 3855 om.
1076 3820 1140 3855 esse.
1163 3832 1197 3840 —

128 3873 199 3949 doe,
218 3902 268 3938 om.
287 3888 314 3938 td
333 3894 370 3939 est
388 3891 525 3942 minorum.
543 3919 577 3927 —
596 3889 607 3917 ⁰
626 3907 663 3954 oe,
681 3895 825 3956 potestates.
844 3918 873 3927 -
893 3875 959 3949 foe,
978 3906 1029 3940 om.
1048 3888 1129 3957 αάξῖξ
