2768 4552
645 338 854 397 „73-

214 510 335 570 dicens:
359 515 408 582 „et
431 509 502 584 quia
525 524 544 567 a
568 508 724 567 nonnullis
742 508 829 583 ymni
853 523 967 582 magno
988 507 1089 566 studio
1106 506 1136 565 in
1157 507 1282 566 laudem

214 613 262 671 dei
292 618 386 689 atque
414 611 626 685 apostolorum
658 616 687 669 et
717 615 888 687 martyrum
918 609 1089 684 triumphos
1116 610 1283 685 compositi

213 729 285 773 esse
319 719 502 783 noscuntur,
537 713 617 771 sicut
650 717 723 772 sunt
748 710 795 788 hi,
826 727 905 786 quos
935 712 1108 773 beatissimi
1136 711 1282 770 doctores

213 816 347 878 Hilarius
375 822 467 890 atque
494 814 679 874 Ambrosius
709 814 885 882 ediderunt,
913 829 994 890 quos
1021 820 1125 873 tamen
1154 815 1281 888 quidam
1313 809 1318 819 ’

212 919 390 994 specialiter
405 918 574 994 reprobant
596 927 672 994 proa
694 932 741 990 eo,
764 915 848 991 quod
869 914 907 973 de
924 915 1084 989 scripturis
1101 922 1280 976 sanctorum

212 1035 363 1080 canonum
386 1023 435 1079 vel
459 1019 632 1098 apostolica
653 1018 820 1078 traditione
844 1035 902 1078 non
924 1016 1071 1078 existunt.
1106 1015 1282 1092 Respuentb

211 1137 285 1197 crgo
317 1129 348 1181 et
377 1123 461 1181 illum
491 1137 621 1196 ymnum
649 1122 688 1181 ab
719 1119 893 1188 hominibus
922 1119 1155 1194 compositum,
1188 1135 1281 1195 quem

211 1223 324 1282 cotidie
349 1223 471 1299 publico
495 1222 680 1298 privatoque
697 1220 798 1281 oificio
815 1223 843 1281 in
861 1223 921 1282 line
937 1223 1073 1282 omnium
1089 1223 1282 1297 psalmorum

210 1325 358 1385 dicimus:
385 1327 490 1400 plorta
519 1331 550 1384 ct
576 1325 675 1384 bonor
701 1326 793 1399 patri
819 1331 849 1383 ct
867 1326 934 1397 fillo
964 1330 995 1383 ct
1015 1325 1140 1399 spiritui
1160 1331 1280 1399 sancto,

211 1430 394 1489 insaecula
421 1431 619 1486 saeculorum
648 1443 746 1486 omen.
799 1422 873 1485 Estd
901 1433 932 1486 et
961 1426 1009 1485 ille
1031 1440 1163 1501 ymnuS,
1186 1441 1280 1502 quem

210 1536 283 1588 nato
308 1531 337 1588 in
363 1543 455 1588 carne
479 1526 600 1587 Christo
625 1528 727 1602 angeli
751 1528 941 1587 cecinerunt:
964 1531 1069 1603 pluria
1092 1529 1122 1586 in
1146 1530 1281 1587 excelsis

209 1631 274 1689 Deo
303 1634 334 1687 et
360 1631 391 1687 in
419 1635 506 1689 terra
527 1646 600 1705 pax
630 1631 802 1690 bominibus
829 1631 930 1690 tunae
957 1632 1135 1701 uoluntatis,
1158 1631 1279 1706 reliqua

210 1745 290 1807 quae
323 1729 364 1788 ibi
401 1738 575 1807 sequuntur
610 1732 815 1792 ecclesiastici
850 1732 992 1791 doctores
1026 1738 1279 1805 composuerunt.

210 1832 290 1908 Ergo
316 1847 373 1890 nec
394 1833 453 1907 ipsi
477 1834 506 1892 in
530 1834 674 1893 ecclesiis
699 1834 828 1893 canendi
852 1840 932 1905 sunt,
956 1835 1030 1909 quia
1051 1835 1079 1894 in
1097 1841 1278 1894 sanctarum

209 1935 429 2008 scripturarum
453 1933 538 1994 libris
563 1951 623 1994 non
640 1936 848 1996 inveniuntur.
887 1935 1117 2010 Componuntlrr
1140 1937 1279 1996 missae⁰

208 2038 277 2097 sire
300 2052 409 2110 preces
432 2039 480 2096 vel
505 2037 662 2098 orationes
685 2039 754 2098 sire
776 2039 1060 2100 commendationes
1084 2055 1142 2098 seu
1164 2054 1279 2098 manus
1350 2037 1353 2063 ²

208 2138 439 2215 impositioneS,
463 2155 502 2198 ex
532 2139 647 2216 quibus
678 2141 704 2200 si
728 2141 813 2200 nulla
836 2135 1055 2200 decantanturf
1078 2142 1106 2200 in
1130 2141 1276 2211 ecclesia,

207 2247 323 2301 vacant
344 2241 446 2301 cilicia
467 2243 571 2301 omnia
601 2243 844 2303 ecclesiastica.“
887 2244 942 2304 His
964 2244 1072 2303 verbis
1094 2243 1278 2313 ostenditur,

206 2345 304 2404 multa
337 2343 365 2403 in
395 2343 530 2402 ecclesia
558 2344 680 2402 noviter
711 2345 867 2422 componi,
903 2362 984 2421 quae
1014 2362 1074 2405 non
1104 2345 1178 2414 sint,
1208 2345 1278 2403 sia

206 2443 267 2505 fide
306 2446 446 2505 veritatis
485 2462 545 2504 non
583 2445 783 2521 abhorreant,
822 2446 1003 2508 abiicienda.
1062 2447 1155 2506 Porro
1189 2447 1276 2523 ymni

207 2546 324 2606 metrici
353 2564 391 2607 ac
420 2545 551 2607 rithmici
580 2548 610 2607 in
639 2549 846 2610 ambrosianis
874 2549 981 2609 oliiciis
1011 2550 1165 2618 dicuntur,
1196 2563 1276 2622 quos

206 2651 299 2709 etiarn
322 2649 417 2724 aliqui
440 2649 469 2707 in
500 2649 667 2709 missarum
693 2651 854 2711 solemniis
881 2657 1008 2727 propter
1031 2649 1276 2725 compunctionis

206 2752 354 2828 gratiam,
389 2767 471 2826 quae
505 2767 542 2811 ex
577 2752 739 2812 dulcedine
767 2754 918 2813 concinna
944 2762 1090 2830 augetur,
1122 2750 1274 2814 interdum

206 2869 369 2914 assumere
396 2862 616 2914 consueruntss.
659 2853 803 2914 Traditur
824 2855 988 2930 siquidem,
1011 2854 1179 2926 Paulinum,
1204 2854 1275 2913 iori-

206 2955 367 3016 iuliensem
382 2953 591 3031 patriarcham
599 2957 616 3029 ¹,
633 2956 760 3031 saepius
776 2962 806 3015 et
822 2957 956 3018 maxime
972 2957 1002 3016 in
1017 2956 1146 3032 priuatis
1170 2957 1276 3016 missis

205 3058 287 3117 circa
322 3059 562 3119 immolationem
597 3064 865 3120 sacramentorum
895 3075 1010 3134 ymnos
1047 3061 1097 3118 vel
1132 3059 1171 3118 ab
1203 3059 1274 3120 aliis

205 3161 255 3218 vel
289 3175 308 3235 a
337 3175 371 3219 se
404 3161 596 3235 compositos
628 3160 815 3222 celebrasse.
872 3160 938 3235 Ego
969 3174 1046 3219 vero
1078 3159 1274 3239 crediderim,

273 3326 341 3388 aoe,
360 3343 410 3378 om.
429 3344 483 3392 pro.
502 3354 536 3362 —
555 3314 568 3353 b
586 3325 633 3386 M¹‚
652 3332 783 3392 respuunt.
803 3358 833 3364 —
854 3326 864 3354 ⁰
883 3327 930 3377 Hic
948 3329 1125 3378 omnesetiam
1144 3325 1202 3380 S.G.
1215 3341 1272 3378 cor-

204 3408 330 3474 ruptelam
349 3411 455 3464 habent:
475 3410 506 3461 ab
524 3410 643 3462 omnibus
663 3410 719 3463 loco
737 3412 883 3465 dominibus
903 3416 927 3462 et
943 3412 1083 3462 coniciunt:
1102 3411 1272 3478 coprobolum

202 3510 249 3560 pro
267 3498 436 3566 compositum
442 3511 448 3556 ;
467 3498 550 3544 textus
567 3501 653 3546 autem
672 3497 808 3563 synodalis
824 3498 953 3562 genuinus
965 3502 1010 3547 est.
1027 3525 1062 3533 —
1079 3483 1094 3524 d
1110 3513 1149 3558 oe,
1167 3497 1220 3548 sad.
1238 3527 1272 3534 —

203 3578 215 3606 e
233 3581 330 3632 Textus
349 3580 455 3631 canonis
467 3577 583 3631 exhibet:
603 3585 792 3646 componuntur
810 3597 870 3646 argo
882 3580 985 3649 hymni,
1006 3584 1071 3633 sicut
1083 3590 1272 3646 componuntur

203 3667 296 3717 missae
315 3667 371 3716 sive
388 3679 483 3730 preces.
504 3693 536 3701 -
553 3649 565 3691 f
580 3665 677 3715 Textus
696 3666 802 3715 canonis
819 3665 906 3716 habet:
925 3667 1049 3720 dicantur.
1069 3697 1099 3704 -
1119 3665 1135 3707 ⁸
1152 3683 1190 3728 oe,
1209 3683 1271 3719 con-

203 3755 349 3802 sueverunt.

275 3907 283 3940 ¹
301 3902 425 3953 Paulinus
442 3903 585 3968 patriarcha
603 3902 717 3970 Aquilai.
735 3904 752 3967 †
771 3904 829 3955 804.
