2768 4552
648 338 847 400 -98-

216 511 350 586 populus
365 510 448 581 prior
464 508 613 584 legalibus
628 508 774 569 institutis
791 510 972 569 deserviens
996 509 1146 584 sanguine
1169 510 1286 570 lustra·

217 614 307 675 batur
319 615 337 683 ¹,
354 613 397 671 ita
412 627 513 673 novus
527 608 762 671 christianorum
779 611 914 686 populus
928 610 1069 684 baptismi
1085 617 1285 673 sacramento

215 722 341 777 renatus
370 715 566 790 (ligneaque
593 712 757 772 benedicta
780 712 964 788 aspergitur,
996 720 1027 772 ut
1049 712 1130 773 sicul
1151 713 1284 787 sanguis

215 819 286 893 agni
310 819 339 877 in
371 816 512 892 postibus
540 815 580 876 ad
611 814 822 890 repellendum
850 830 1067 889 percussorem
1098 813 1284 891 ponebatur,

215 925 257 982 ita
279 919 462 997 mysterium
487 933 588 994 aquae
615 933 745 992 corpora
776 927 806 976 et
834 920 903 978 loca
932 917 1050 978 muniat
1075 917 1285 978 renatorum.²

682 1259 802 1328 XXXI.

529 1410 581 1479 Dc
607 1409 835 1480 bencdictione
861 1412 964 1479 ccrcc'.

275 1595 403 1656 Geraum
441 1600 545 1655 autem
586 1595 726 1654 benedici
765 1612 824 1654 non
859 1595 958 1655 solum
993 1595 1021 1654 in
1057 1593 1278 1670 principalibus

209 1699 362 1771 ecclesiis,
388 1698 442 1759 sed
466 1697 557 1756 etiam
581 1699 610 1757 in
635 1697 792 1774 parochiis
812 1699 955 1758 Zosimus
978 1713 1060 1773 papa
1083 1697 1278 1771 constituit3;

210 1801 295 1878 quod
318 1803 419 1876 ipsum
445 1802 571 1862 concillo
594 1804 730 1861 toletano
755 1803 957 1871 ostenditur⁴‚
988 1801 1138 1875 quosdam
1163 1800 1279 1876 Hispa-

211 1921 318 1965 norum
344 1906 543 1976 observasse,
568 1904 723 1980 quosdam
747 1904 931 1979 neglexisse.

675 2246 809 2315 XXXII.

211 2397 425 2488 Comparatio
452 2398 753 2466 ecclesiasticarum
775 2398 928 2466 ardicam
955 2400 989 2463 at
1012 2396 1214 2464 secularium
1241 2401 1278 2467 ct

584 2517 754 2584 aaaclaca'a
780 2514 890 2585 libelli.

270 2699 357 2760 Circa
379 2698 488 2761 harum
506 2703 622 2760 calcem
639 2710 811 2775 nugaruma
834 2703 934 2775 placet
957 2703 1092 2760 inserere
1112 2700 1272 2775 quandam

203 2803 409 2863 saecularium
438 2809 531 2879 atquc
563 2791 846 2864 ecclesiasticarum
877 2804 1139 2879 comparationem
1171 2801 1272 2877 digni-

269 2969 281 2997 ⁸
300 2985 336 3032 oe,
355 2985 448 3022 rerum.

272 3122 378 3174 1Exod.
396 3121 486 3182 XXIV,
505 3125 528 3176 8.
555 3152 588 3160 -
618 3124 763 3188 ²Exspirat
786 3123 828 3174 hic
850 3124 958 3175 alterum
982 3125 1073 3188 lragm.
1095 3123 1151 3174 cod.
1173 3121 1207 3174 bl.
1233 3149 1266 3160 -

199 3211 210 3246 ³
228 3207 346 3258 Zosimus
364 3208 505 3259 tlt-418.
543 3199 605 3269 „Hic
628 3209 757 3259 constituit
775 3247 781 3260 .
800 3248 805 3260 .
826 3247 832 3260 .
851 3214 875 3260 et
898 3225 943 3274 per
965 3210 1079 3274 parrocia
1097 3223 1217 3262 concessa
1233 3209 1267 3262 li·

198 3295 280 3343 centia
297 3308 397 3344 cereum
414 3291 556 3343 benedici.“
593 3293 621 3343 L.
634 3309 658 3357 p.
677 3292 758 3344 Duch.
778 3295 796 3355 l,
809 3296 866 3346 225.
885 3323 915 3332 -
935 3298 946 3331 ⁴
964 3293 1108 3344 Concilium
1125 3294 1268 3349 toletanum

197 3378 241 3429 IV.
258 3393 326 3430 anno
349 3380 397 3430 633
426 3392 481 3428 can.
502 3376 542 3429 IX.
573 3376 695 3428 declarat:
735 3379 865 3440 „Lucerna
891 3384 915 3429 el
940 3393 1029 3429 cereus
1055 3380 1080 3428 in
1107 3379 1268 3444 praevigiliis

196 3462 306 3527 paschae
324 3462 392 3527 apud
410 3462 535 3528 quasdam
554 3463 674 3514 ecclesias
688 3479 739 3514 non
757 3464 943 3516 benedicuntur
960 3469 985 3516 et
1001 3479 1048 3515 cur
1064 3481 1079 3515 a
1096 3466 1169 3518 nobis
1185 3465 1268 3519 bene·

196 3547 312 3598 dicantur
338 3549 492 3614 inquirunt.“
540 3549 586 3610 „Et
614 3550 675 3614 quia
703 3549 767 3600 haec
794 3550 935 3601 observatio
964 3565 1009 3615 per
1038 3550 1178 3600 multarum
1206 3549 1268 3604 loca

194 3637 320 3684 terrarum
354 3633 523 3699 regionesque
554 3633 692 3699 Hispaniae
721 3635 748 3685 in
778 3634 891 3686 ecclesiis
919 3636 1125 3696 commendatur,
1153 3635 1267 3700 dignum

189 3718 239 3781 est,
257 3723 286 3769 ut
302 3724 405 3784 propter
416 3721 538 3770 unitatem
557 3720 627 3785 pacis
645 3720 672 3770 in
689 3720 825 3785 gallicanis
837 3721 952 3773 ecclesiis
964 3724 1150 3773 conservetur.“
1180 3718 1266 3774 Mansi

194 3802 223 3864 X,
242 3805 300 3855 616.
336 3801 500 3855 Ceremonias
517 3807 544 3855 in
562 3807 737 3871 praeparando
755 3821 823 3872 agno
841 3807 955 3872 paschali
973 3807 1079 3859 sabbato
1098 3811 1184 3858 sancto
1202 3808 1268 3860 vido

195 3887 284 3940 Mutat.
302 3887 320 3941 l.
338 3904 359 3940 c.
378 3888 405 3953 ll,
423 3905 447 3955 p.
468 3891 540 3943 1004.
