2768 4552
552 372 594 381 -
642 339 699 398 rot
746 303 799 382 -'

135 512 165 571 in
182 512 285 572 natale
302 509 424 570 Domini
448 509 516 569 ctL
533 508 688 568 cacabos¹
711 515 742 567 61
764 509 793 573 in
817 510 983 569 testivitate
1000 508 1030 570 S.
1047 506 1207 567 Michaelis

135 601 206 674 item
238 613 294 672 XII
324 614 401 697 ollas
433 620 464 673 et
494 611 517 670 L
546 610 679 671 cacabos
709 618 740 671 et
772 611 802 669 in
838 599 932 687 pasca
962 611 1110 671 similiter.
1162 609 1207 667 De

137 715 331 788 rattettnaen
355 713 557 790 (Tuttlingen)
589 713 727 772 similiter
750 713 831 774 sicut
854 714 891 772 de
915 712 1116 788 Emphingen.
1161 711 1207 769 De

71 799 72 803 ¹
134 822 200 876 tota
230 817 315 876 Paro
339 815 425 892 (Bar)
460 816 521 874 duo
551 814 686 876 caldaria
695 816 715 885 2,
748 831 842 875 unum
874 815 1018 890 majorem
1053 820 1083 872 et
1110 827 1206 872 unum

134 903 294 988 minorem,
318 924 447 992 excepto
464 917 636 992 Wagiugen
663 917 743 976 duas
768 933 872 990 naves,
895 933 958 976 una
973 914 1070 990 major
1094 920 1123 974 et
1145 929 1207 973 una

136 1020 245 1080 minor.
294 1019 339 1078 De
372 1021 564 1092 Rodeltnpen
595 1019 788 1093 (Riedlingen
817 1019 1015 1095 Wiirltemb.)
1049 1025 1080 1077 et
1110 1017 1205 1076 Haut·

135 1127 246 1180 stetten
263 1121 475 1199 (Honstetten)
492 1122 520 1180 X
537 1120 655 1195 haspae
672 1121 711 1180 de
728 1120 799 1199 lino,
824 1120 845 1181 G
863 1122 956 1190 casei,
981 1137 1077 1179 unum
1094 1118 1206 1178 cadum

137 1224 252 1294 11161116,
284 1222 368 1282 LXX
396 1223 516 1282 modios
548 1223 637 1294 saliS,
670 1223 724 1282 Xll
749 1222 844 1304 cados
868 1224 905 1282 de
932 1222 1138 1298 pinguedine3
1168 1220 1206 1278 de

136 1341 234 1400 pasca
249 1331 359 1410 sancto
375 1339 476 1400 usque
499 1325 528 1383 in
550 1324 748 1383 festivitatem
766 1323 795 1383 S.
811 1324 971 1384 Michaelis
995 1324 1206 1400 persingulas

115 1428 331 1488 rebdomadas
359 1427 402 1484 VI
431 1425 570 1501 pondera
601 1428 703 1486 lardi3
734 1427 845 1486 dentur
882 1428 909 1485 ei
941 1436 972 1489 et
1003 1427 1116 1486 cotidie
1149 1425 1207 1485 XX

136 1546 235 1604 panes
264 1529 364 1589 librati
395 1534 425 1587 et
454 1545 578 1602 porrum
610 1529 1113 1596 611111616111616111116111166111111.4
1156 1529 1206 1586 Ad

135 1634 343 1709 warmosium,
365 1636 398 1690 ut
414 1630 595 1692 charitative
617 1638 810 1706 preparetur,
834 1638 968 1708 quatuor
983 1646 1099 1690 vaccae
1116 1631 1206 1691 celle-

136 1736 219 1796 rario
238 1737 359 1812 dentur,
382 1750 445 1792 nna
460 1734 497 1792 de
517 1731 707 1808 ltsettnpen,
733 1734 873 1793 secunda
895 1733 934 1791 de
951 1734 1093 1806 altheim,
1117 1733 1207 1792 tertia

136 1838 174 1896 de
198 1839 363 1897 Mulehetm
395 1834 579 1909 (llliihlheim
603 1835 804 1908 Wiirttemb.)
830 1842 941 1910 quarta
964 1835 1001 1892 de
1027 1836 1206 1909 Thettlnpen

136 1939 340 2014 (bettingen).
373 1937 439 1994 Hae
456 1943 558 1995 autem
575 1952 691 1995 vaccae
715 1936 744 1993 in
761 1935 850 1995 horto
867 1937 993 1995 fratrum
1012 1936 1207 1996 stabulentur

137 2047 167 2098 61
191 2055 209 2098 6
229 2035 389 2098 cellerario
413 2039 492 2097 bene
517 2047 728 2112 procurentur.
774 2038 890 2112 Quodsi
912 2037 1022 2098 harum
1038 2054 1205 2098 vaccarum

136 2155 199 2197 una
222 2140 380 2212 moriatur,
403 2142 499 2198 altera
523 2139 561 2197 de
585 2141 695 2200 eadem
710 2140 784 2199 villa
805 2139 889 2200 unde
912 2141 963 2199 illa
977 2157 1058 2221 quae
1080 2146 1206 2199 mortua
1287 2139 1290 2145 '

105 2279 107 2282 <
137 2247 185 2300 est
213 2243 366 2301 successit
395 2242 582 2301 restituatur.
627 2242 666 2302 Et
695 2241 807 2303 cotidie
834 2244 1032 2302 warmosium
1061 2240 1205 2300 fratribus

137 2343 295 2403 tribuatur
318 2349 421 2418 preter
448 2344 507 2404 hos
538 2345 620 2416 dies,
649 2345 773 2419 quando
801 2346 895 2420 pleno
920 2346 1046 2404 servitio
1070 2343 1114 2402 eis
1140 2358 1206 2402 ser-

135 2444 247 2503 viatur.
282 2444 320 2502 Et
342 2444 400 2506 hoc
422 2447 504 2519 ideo,
529 2448 642 2523 siquis
665 2448 792 2507 fratrum
809 2448 848 2506 de
869 2448 967 2506 trihus
983 2447 1106 2506 ferculis
1123 2460 1205 2521 quae

137 2547 249 2607 cotidie
273 2549 319 2608 eis
335 2549 448 2608 dantur
464 2556 591 2625 propter
606 2550 812 2609 infirmitatem
829 2548 984 2609 stomachi
1002 2567 1062 2621 non
1081 2549 1207 2617 cibetur,

136 2650 240 2708 saltim
269 2650 307 2708 de
337 2658 448 2725 quarto
480 2651 562 2727 quod
593 2658 641 2710 est
670 2652 872 2710 warruosium
901 2668 956 2726 pro
991 2653 1116 2710 lenitate
1147 2648 1207 2709 cibi

135 2750 299 2811 reficiatur.
351 2753 397 2812 De
427 2754 862 2845 Stechcboronxtsleclrborn)
886 2753 939 2813 XL
968 2753 1025 2813 viri
1054 2752 1206 2811 vinitores

135 2852 251 2915 debent
273 2855 414 2930 plantare
437 2872 564 2930 porrum
587 2857 617 2914 in
642 2857 730 2916 horto
761 2861 888 2915 1161111111
913 2855 1129 2931 unusquisque
1152 2853 1207 2911 ΧΠ

135 2954 234 3014 lineas
258 2962 288 3013 61
311 2958 455 3034 discipuli
486 2959 634 3018 cellerarii
659 2959 771 3019 debent
794 2957 848 3016 Χ11
877 2960 976 3032 spatia
1005 2959 1153 3032 inponere
1176 2961 1206 3013 et

135 3040 285 3131 plantare.
322 3059 367 3118 De
384 3060 520 3134 portario
536 3061 654 3121 debent
668 3062 711 3119 Vl
735 3060 840 3135 spacia
857 3062 1014 3134 inponere,
1037 3061 1077 3118 de
1097 3057 1206 3133 hospi·

133 3160 213 3221 tario
243 3161 285 3217 Vl
313 3162 426 3236 spatia.
476 3159 521 3219 De
555 3164 727 3238 llnlat'npen
756 3163 921 3238 (Unlingen
952 3160 1153 3233 Wiirttemb.)
1184 3157 1205 3218 C

135 3277 255 3333 caseos
279 3261 447 3323 Xmodios
470 3264 672 3338 leguminum,
696 3282 789 3324 unum
815 3266 923 3324 cadum
948 3263 1055 3333 mellis,
1079 3262 1091 3319 Ι
1114 3276 1204 3319 ovem

135 3371 166 3423 et
197 3366 225 3421 V
257 3364 377 3442 haspas
412 3365 451 3425 de
483 3367 556 3425 lino.
605 3367 650 3426 De
682 3370 791 3428 Altetm
827 3366 974 3440 (Altheim
1003 3363 1205 3437 Wlirttemb.)

136 3465 283 3526 similiter.
328 3469 373 3527 De
402 3468 579 3546 Gecptnpcn
607 3469 802 3545 (Gdggingen
825 3468 1026 3542 Wdrttemb.)
1058 3466 1206 3526 similiter.

206 3631 347 3685 ¹Cacabus
374 3640 417 3686 aut
443 3637 552 3688 utensile
578 3637 709 3703 quoddam
737 3637 862 3702 coquinae
889 3639 931 3684 aut
958 3635 1055 3699 species
1079 3632 1205 3698 quaedam

135 3716 224 3765 avium
242 3724 476 3771 nocturnarum:
493 3723 535 3775 trz.
549 3721 639 3783 hibou,
657 3721 730 3772 Eule.
761 3720 810 3772 cfr.
828 3721 949 3785 Ducange
968 3736 988 3770 s.
1000 3735 1025 3770 v.
1043 3718 1159 3770 cacabus.
1173 3747 1202 3753 —

137 3802 147 3836 ²
165 3799 308 3852 caldarium
326 3828 360 3845 =
376 3805 420 3858 srz.
436 3805 582 3870 chaudidre,
600 3806 697 3858 Kassel.
716 3836 748 3844 -
768 3810 778 3844 ³
796 3805 898 3856 lardum
916 3807 959 3856 lrz.
978 3804 1042 3863 lard,
1062 3802 1153 3868 Speclr.
1173 3829 1205 3840 ν

137 3890 147 3922 ⁴
165 3886 319 3938 warmosius
336 3912 371 3930 =
388 3890 501 3953 pitantia,
519 3893 563 3944 lrz.
581 3891 690 3956 pilanus,
708 3892 861 3956 Zugemiise.
