2768 4552
526 314 809 380 —63—.

96 485 125 542 in
150 485 267 559 pulpito
288 488 476 552 cantaretur,
502 483 584 558 quod
608 483 735 544 Romani
759 491 884 558 propter
906 484 1163 559 multiplicitatem

94 585 264 646 officiorum
297 601 358 644 non
393 567 518 658 iaciunt,
552 586 611 644 nisi
645 591 780 660 quatuor
815 601 868 660 per
899 601 1014 645 annum
1042 586 1162 659 diebus

43 749 48 757 ,
95 689 209 764 quibus
232 687 399 746 lectionum
422 687 477 744 XII
500 704 651 747 numerus
674 687 866 760 adimpletur.

162 789 373 863 offertorium,
399 790 481 862 quod
506 791 585 850 inter
602 788 794 849 offerendum
812 795 960 861 cantatur,
985 792 1162 865 quamvisa

95 890 205 966 prioris
229 890 334 972 populi
359 892 582 950 consuetudine
607 892 636 949 in
658 907 751 950 usum
776 890 1011 951 christianorum
1035 894 1162 952 venisse

94 994 232 1064 dicatur‚-
264 998 368 1052 tamen
402 993 473 1067 quis
508 993 685 1069 specialiter
719 992 873 1051 addiderit
906 993 1013 1052 ciliciis
1048 995 1161 1054 nostris

94 1101 200 1171 aperte
224 1110 283 1153 non
314 1093 455 1167 legimus
484 1096 565 1155 sicut
588 1102 618 1152 et
640 1096 678 1153 de
702 1094 879 1169 antiphona,
909 1111 989 1169 quae
1012 1095 1050 1154 ad
1079 1112 1161 1155 com-

92 1197 269 1257 munionem
303 1197 413 1256 dicitur
445 1214 613 1273 possumus
647 1197 745 1268 lateri,
778 1212 847 1255 cum
881 1213 957 1256 vere
987 1198 1160 1267 credamus,

93 1301 204 1377 priscis
237 1299 429 1372 temporibus
466 1307 573 1375 patres
607 1305 734 1358 sanctos
772 1298 892 1358 silentio
928 1299 1078 1359 obtulisse
1112 1302 1160 1359 vel

93 1403 354 1472 communicasse,
389 1401 475 1474 quod
510 1401 603 1460 etiam
638 1401 789 1460 hactenus
820 1400 851 1458 in
882 1401 1013 1461 sabbato
1045 1402 1161 1460 sanctia
1244 1411 1247 1417 ·

92 1502 230 1580 paschae
247 1502 464 1562 observamus.
503 1504 573 1569 Sed,
597 1504 678 1562 sient
701 1518 796 1577 supra
815 1501 928 1560 dictum
946 1509 1001 1571 est,
1025 1503 1160 1563 diversis

92 1603 195 1665 modis
224 1612 254 1664 et
282 1605 420 1681 partibus
453 1621 507 1680 per
534 1612 676 1681 tempora
703 1606 797 1663 decus
827 1605 982 1679 processit
1009 1605 1160 1664 ecclesiae
1251 1630 1255 1634 ·

91 1716 123 1766 et
154 1725 252 1783 usque
281 1708 308 1766 in
339 1707 432 1767 tinem
454 1707 564 1782 augeri
593 1723 652 1765 non
677 1707 806 1764 desinet.
850 1704 994 1767 Traditur
1018 1706 1160 1781 denique,
1194 1726 1201 1739 ·

91 1811 217 1870 beatum
241 1810 421 1884 Gregorium
450 1809 529 1868 sicut
553 1809 777 1869 ordinationem
807 1808 971 1868 missarum
994 1814 1025 1867 et
1050 1825 1159 1868 conse·

91 1911 276 1983 orationum,
310 1910 352 1970 ita
385 1913 476 1970 etiarn
511 1911 686 1971 cantilenae
721 1909 913 1984 disciplinam
949 1911 1083 1968 maxima
1119 1926 1157 1968 ex

91 2019 179 2088 parte
202 2015 230 2071 in
249 2029 326 2084 earn,
350 2029 431 2088 quae
447 2012 602 2073 hactenus
618 2012 708 2085 quasi
728 2012 948 2070 decentissima
965 2011 1157 2078 observatur,

91 2111 342 2190 dispositionemb
355 2115 548 2189 perduxisse,
560 2115 641 2174 sieut
652 2120 682 2172 et
695 2115 722 2172 in
736 2114 835 2188 capite
849 2112 1058 2187 antiphonarii
1074 2128 1157 2172 com-

90 2219 306 2278 memoratur.1
345 2215 510 2276 Sciendum
529 2223 642 2292 autem,
667 2215 821 2291 quosdam
844 2215 1014 2275 inordinate
1036 2213 1157 2288 offerre,

91 2320 144 2394 qui
165 2318 360 2378 attendentes
381 2335 542 2379 numerum
560 2319 749 2379 oblationum
773 2318 876 2394 potios
899 2333 992 2393 quam
1011 2317 1155 2374 virtutem
1237 2313 1241 2319 ’

91 2425 356 2481 sacramentorum
384 2437 482 2495 saepe
512 2424 541 2480 in
569 2422 627 2481 illis
651 2428 864 2480 transeunterc
887 2419 1019 2480 offerunt
1045 2418 1158 2491 missia,

90 2524 131 2582 ad
154 2538 232 2598 quas
256 2522 422 2597 persistere
447 2524 564 2583 nolunt.
609 2509 833 2582 Rationabilius
858 2523 1011 2600 siquidem
1036 2527 1093 2588 est,
1118 2520 1157 2578 ibi

90 2622 212 2692 offerre,
235 2624 289 2683 ubi
311 2624 390 2682 velis
414 2626 591 2697 persistere,
617 2627 717 2700 utqui
741 2641 852 2684 munus
870 2624 1000 2683 Domino
1020 2623 1157 2685 obtulisti

89 2725 203 2786 offeras
235 2727 348 2800 pariter
373 2742 428 2800 pro
453 2727 563 2786 eodem
591 2744 716 2786 munere
746 2728 944 2802 suscipiendo
975 2726 1158 2803 postulatio-

91 2845 162 2888 nem
186 2829 340 2887 devotam.
385 2829 558 2887 Non'enim
588 2832 701 2889 trustra
732 2829 760 2886 in
789 2829 911 2889 actione
936 2831 1059 2889 dicitur:
1088 2832 1159 2901 ‚put

90 2932 146 2990 tibi
161 2931 320 3003 offerunt“‚
344 2945 405 2988 non
423 2927 555 2990 diciturl
570 2933 640 3006 „qui
656 2933 858 3003 obtulerunt“‚
882 2938 915 2990 ut
931 2919 1156 3005 intellegamus,

159 3094 171 3121 ³
190 3095 279 3157 llmlh,
298 3103 397 3159 sancto;
416 3113 436 3149 c.
449 3104 558 3148 sanctae.
572 3128 603 3134 —
618 3085 629 3123 b
642 3098 675 3158 hl,
688 3115 762 3148 ea-
775 3098 950 3162 dispositione.
969 3129 999 3135 —
1019 3097 1075 3158 οΜ,
1089 3101 1156 3145 tran-

90 3184 200 3230 seuntos
214 3209 245 3218 -
259 3169 272 3208 ‘¹
286 3181 332 3232 SG.
345 3182 423 3233 habet
435 3183 502 3245 dicit,
521 3183 583 3232 dum
597 3184 641 3232 alii
657 3199 755 3243 omncs,
773 3183 798 3233 M
812 3183 850 3232 Μ1
863 3200 901 3246 oe,
918 3183 1039 3232 exhibent
1057 3182 1155 3232 dieitur.

89 3350 117 3398 in
135 3347 285 3400 hominibus
301 3351 499 3415 beneplacitum.
526 3351 673 3402 Laudamus
691 3358 722 3415 te,
740 3352 917 3403 benedicimus
936 3357 959 3401 te
969 3356 1031 3402 etc.“
1063 3351 1157 3414 bligne.

90 3450 110 3483 s.
130 3447 155 3496 g.
175 3439 191 3484 t.
210 3435 250 3497 28,
270 3451 293 3498 p.
313 3438 370 3487 275.

164 3521 171 3554 1
190 3519 292 3569 Titulus
305 3520 478 3584 antiphonarii
491 3520 556 3570 nihil
569 3527 752 3571 commemorat
765 3522 842 3571 huius
856 3523 900 3581 rei,
914 3521 1020 3571 loannes
1033 3521 1158 3570 Diaconos

90 3607 176 3654 autem
194 3604 221 3652 in
240 3605 290 3653 vita
312 3619 358 3654 sua
376 3604 492 3669 Gregorii
509 3605 596 3670 Magni
620 3608 693 3659 refert
716 3606 760 3656 lib.
779 3605 807 3665 ll,
826 3621 847 3657 c.
866 3608 893 3657 6:
924 3605 1156 3670 „Antiphonarium

89 3693 224 3738 centonem
251 3695 381 3739 cantorum
409 3690 611 3740 studiosissimus
639 3691 715 3740 nimis
740 3690 832 3740 utiliter
857 3691 1015 3755 compilavit;
1042 3689 1158 3740 scholam

89 3788 193 3839 quoque
205 3781 345 3836 cantorum,
363 3790 429 3840 quac
446 3775 569 3827 hactenus
581 3777 679 3827 eisdem
698 3776 897 3827 institutionibus
916 3777 941 3825 in
955 3780 1041 3825 sancta
1053 3789 1160 3825 romana

88 3857 196 3909 ecclesia
215 3858 369 3919 modulatur,
386 3862 538 3912 constituit.“
575 3861 662 3926 Migne
681 3878 700 3910 s.
718 3861 734 3909 l.
753 3865 770 3911 t.
789 3863 812 3922 i,
831 3877 855 3925 p.
875 3862 915 3912 90.
