2768 4552
721 358 941 406 —xtI—

300 527 331 579 et
353 520 464 579 beatus
484 523 579 582 Hatto
601 522 663 580 iam
687 519 864 579 doctissime
887 519 1062 594 digesserat
1082 522 1238 594 ‚',urbanae
1262 526 1368 584 lacun-

300 623 369 682 diae
392 623 545 684 mellifluis
568 622 698 682 floribus
721 622 877 680 adornans
903 621 1054 694 prosaicis
1077 623 1240 682 verbis.“1

362 725 459 785 Paulo
482 734 552 802 post
573 724 761 784 Walalridus
791 740 810 783 a
839 723 1051 798 superioribus
1083 726 1148 787 suis
1171 728 1200 785 in
1224 728 1365 787 fuldense

299 827 531 901 monasterium,
552 822 610 886 est
629 827 745 886 missus
775 841 812 884 eo
845 834 928 884 certe
957 827 1094 896 consilio,
1124 834 1159 886 ut
1185 845 1253 889 cum
1283 832 1365 889 omni

297 927 469 990 litterarum
485 946 599 1003 genere
616 931 727 989 melius
743 929 911 988 instructus
927 929 1081 1002 rediisset,
1100 931 1365 1010 ipseraugiensem

298 1034 515 1092 moderaretur
537 1032 687 1093 scholam.
733 1031 849 1089 Fuldae
870 1030 956 1091 'inter
985 1047 1082 1091 annos
1109 1034 1229 1093 circiter
1251 1036 1312 1095 826
1336 1043 1366 1095 et

298 1135 359 1194 830
383 1135 500 1208 degens
524 1133 645 1195 Rabani
667 1133 775 1206 Mauri,
806 1132 941 1192 doctoris
968 1133 1169 1205 celeberrimi,
1201 1138 1365 1213 disciplina

296 1236 441 1317 utebatur
456 1235 486 1294 in
513 1236 727 1309 perdiscendis
752 1237 918 1310 praecipue
940 1235 1049 1293 litteris
1065 1238 1172 1306 sacris,
1196 1241 1280 1313 quod
1299 1240 1365 1312 ipse

298 1344 404 1413 aperte
437 1343 567 1397 testatur
596 1339 624 1395 in
650 1339 783 1413 epitome
811 1336 929 1395 Rabani
958 1337 987 1394 in
1011 1335 1180 1397 Levitieum
1209 1355 1364 1399 commen-

297 1441 458 1510 tariorum,
489 1440 544 1498 ubi
567 1440 654 1499 dicit:
687 1439 870 1515 „Sequentis
894 1439 978 1509 libri,
1007 1440 1038 1497 id
1065 1445 1114 1499 est
1137 1440 1263 1499 Levitiei
1293 1443 1364 1499 bre-

297 1540 458 1600 vissimam
496 1542 724 1600 adnotationem
757 1557 814 1615 ego
847 1540 977 1600 Strabus
1010 1539 1184 1599 tradente
1216 1541 1361 1599 domino

296 1642 451 1701 Rabano
475 1643 626 1712 abbate,
650 1644 716 1702 viro
740 1643 769 1701 in
793 1644 896 1702 multis
922 1643 1068 1702 scientiae
1091 1642 1214 1701 divinae
1231 1644 1362 1717 eloquiis

297 1745 507 1819 spectabiliter
530 1745 688 1814 adornato,
712 1751 861 1820 quantum
882 1745 1016 1805 tenuitas
1038 1744 1184 1818 ingenioli
1209 1746 1268 1803 mei
1292 1762 1362 1819 per-

298 1845 446 1917 mittebat,
473 1846 656 1906 abbreviare
680 1848 836 1907 curavi.“²
880 1848 964 1905 idem
988 1847 1133 1920 colligere
1161 1846 1232 1904 lieet
1254 1861 1292 1903 ex
1317 1847 1362 1904 in-

296 1947 463 2023 scriptione
487 1949 649 2008 cuiusdam
674 1948 817 2009 carminis
839 1949 895 2021 „ad
913 1949 1071 2007 Rabanum
1089 1949 1242 2018 Maurum,
1265 1948 1362 2008 abba-

295 2057 355 2108 tem
372 2050 566 2122 Fuldensern,
589 2051 813 2126 magistrum
837 2053 965 2109 suum“
989 2050 1075 2109 dati.³
1110 2051 1150 2111 Ut
1174 2059 1289 2111 eertum
1306 2059 1361 2124 est,

296 2153 499 2212 Walalridunr
524 2153 715 2227 aliquantum
732 2154 880 2229 temporis
903 2152 1019 2211 Fuldae
1036 2161 1257 2213 commoratum
1282 2170 1361 2225 esse,

296 2254 338 2313 ita
366 2254 483 2314 incerta
510 2263 637 2315 manent
659 2256 762 2316 omnia
790 2256 827 2312 de
857 2254 926 2330 ipsa
949 2257 1205 2330 commoratione3
1235 2265 1362 2317 atvero

296 2372 357 2414 non
382 2358 572 2431 ignoramus
595 2374 666 2417 eum
691 2356 939 2417 commendatum
964 2356 1097 2419 tortasse
1120 2365 1151 2417 et
1173 2376 1192 2418 a
1215 2361 1362 2435 magistro

296 2474 354 2518 suo
377 2458 506 2517 Rebano
529 2466 559 2516 et
581 2459 621 2518 ab
638 2460 782 2519 Hilduino
799 2459 1078 2534 archicapellanol,
1102 2461 1173 2521 inde
1196 2464 1235 2521 ad
1260 2464 1362 2520 aulam

296 2560 487 2634 imperialem
522 2575 594 2620 esse
627 2563 825 2632 arcessitum,
860 2569 893 2620 ut
925 2568 1009 2621 artes
1042 2563 1187 2623 liberales
1219 2565 1363 2622 edoceret

297 2659 455 2732 Ceruium,
486 2661 581 2722 tilium
613 2665 807 2740 imperatoris
829 2664 976 2725 Ludovici
999 2665 1043 2724 Pii
1067 2665 1198 2740 eiusque
1222 2665 1362 2738 coniugis

295 2761 444 2830 ludithae,
468 2781 551 2825 anno
575 2766 635 2826 823
659 2773 774 2829 natum.
818 2768 862 2826 lbi
891 2769 1024 2841 benigne
1047 2774 1197 2843 exceptus
1221 2772 1251 2824 et
1274 2767 1363 2826 sarni-

296 2865 461 2926 liarissime
484 2860 608 2928 habitus
632 2871 762 2944 gratiam
786 2871 994 2945 favoremque,
1018 2885 1080 2944 quo
1097 2869 1264 2942 imperator
1280 2869 1364 2928 eius-

296 2986 356 3044 que
385 2985 464 3027 uxor
491 2985 559 3029 eum
593 2973 725 3045 amplexi
758 2976 860 3042 sunt⁵‚
890 2972 961 3031 ideo
991 2971 1119 3044 dignum
1149 2986 1184 3029 se
1213 2969 1362 3044 praebuit,

367 3136 511 3189 ¹Prooem.
537 3139 657 3188 carminis
683 3138 815 3199 „Visionis
833 3139 924 3189 Welt.“
960 3136 994 3188 M.
1013 3135 1041 3186 G.
1063 3151 1086 3199 p.
1106 3138 1166 3196 302;
1197 3134 1284 3198 Migne
1307 3133 1323 3183 l.
1342 3149 1363 3183 c.

294 3236 319 3285 p.
340 3222 412 3273 1063.
432 3249 464 3260 -
484 3221 610 3286 ²Migne,
637 3222 655 3274 l.
674 3238 695 3274 e.
719 3238 743 3287 p.
763 3225 820 3273 795.
860 3220 911 3272 Cir.
940 3222 1016 3272 eliam
1042 3220 1140 3282 Aretin,
1170 3220 1286 3281 Beilrdge
1309 3217 1362 3266 Vll.

295 3322 319 3370 p.
338 3307 395 3359 518.
415 3335 448 3344 -
466 3311 477 3344 ³
495 3306 590 3371 Migne,
609 3308 626 3359 l.
639 3322 659 3359 c.
678 3323 703 3372 p.
718 3308 791 3359 1112.
809 3337 843 3344 -
860 3312 872 3344 ⁴
889 3305 985 3369 migne,
1004 3306 1020 3356 l.
1034 3321 1055 3356 c.
1074 3321 1099 3369 p.
1112 3305 1184 3356 1098.
1204 3298 1362 3349 Walasridus

294 3391 349 3454 ipse
367 3391 429 3441 dicit
445 3392 472 3441 in
490 3394 602 3443 carmine
620 3392 653 3442 ad
670 3392 755 3443 iudith
774 3392 971 3457 imperatricem:
992 3405 1059 3455 „quo
1071 3390 1156 3440 neseio
1174 3402 1242 3447 casu,
1260 3385 1362 3435 servitio

294 3474 419 3527 attrahere
437 3482 550 3536 vestro“;
569 3485 592 3528 et
610 3479 637 3528 in
655 3477 706 3527 aiio
724 3476 758 3527 ad
775 3476 934 3526 Hiltuinum:
960 3507 963 3512 -

500 3562 558 3623 „Nil
575 3563 680 3622 servivi,
697 3560 735 3611 nil
753 3561 843 3620 merui,
860 3564 945 3609 tamen
963 3574 1021 3610 ecee
1038 3563 1140 3624 repente

498 3646 628 3697 immerito
646 3648 793 3709 assumptus
811 3659 916 3709 pauper,
934 3643 1031 3694 honore
1047 3645 1141 3695 fruor.“

295 3730 390 3794 Migne‚
409 3729 426 3782 l.
444 3745 465 3782 c.
483 3747 508 3796 p.
529 3733 593 3782 1095
611 3734 636 3781 et
654 3731 728 3782 1098.
746 3758 779 3766 -
799 3731 810 3765 ⁶
828 3727 878 3779 cn.
896 3730 1012 3779 carmina
1033 3730 1105 3779 varia
1122 3728 1155 3778 ad
1177 3727 1363 3792 imperatricem

294 3815 402 3880 eiusque
419 3814 502 3865 lilium
520 3814 640 3865 Carolum
658 3819 682 3864 et
699 3812 764 3863 alios
783 3813 849 3864 data.
884 3813 980 3885 Migne,
998 3813 1015 3866 l.
1027 3829 1048 3865 c.
1065 3830 1089 3879 p.
1104 3817 1177 3875 1093,
1197 3816 1269 3874 1095,
1290 3812 1363 3871 1090,

297 3901 361 3951 1097
380 3916 402 3950 e.
420 3915 443 3949 a.
