2768 4552
640 282 853 341 ,90-

212 452 273 510 Alii
296 467 420 527 quoque
443 452 471 510 in
497 451 665 527 epiphania
686 451 808 513 Domini
831 451 989 527 baptizare
1011 454 1185 523 voluerunt,
1211 454 1307 529 quia·

212 569 249 612 eo
277 560 416 629 tempore
443 553 607 612 Dominum
640 560 778 613 nostrum
807 553 938 612 traditur
967 553 1167 630 baptizatum,
1199 550 1291 630 quod

212 662 243 714 et
265 656 368 730 ipsum
391 655 430 714 ab
447 655 514 714 aliis
537 655 744 729 prohibetur.1
788 655 866 728 Quia
880 671 954 717 uero
969 657 1142 716 secundum
1158 664 1289 732 aposto·

211 759 273 816 lum
311 757 340 816 in
377 763 475 816 marte
509 759 675 818 saluatoris
713 757 929 833 baptizamur²
967 764 998 816 et
1031 758 1097 832 ipse
1130 758 1289 820 Dominus

212 859 381 920 intraturos
405 859 453 916 ina
475 873 603 932 regnum
627 859 780 918 caelorum
804 875 845 917 ex
868 875 950 933 aqua
975 867 1006 918 et
1029 858 1138 935 spiritu
1161 861 1290 921 renasci

212 960 328 1022 debere
351 961 608 1035 praemonstrati,
639 976 776 1034 congrue
805 976 823 1018 a
851 961 1047 1035 praesulibus
1070 961 1289 1024 Romanorum

211 1063 292 1123 haec
325 1063 387 1123 duo
425 1069 563 1136 tempora
596 1065 664 1123 sola
698 1064 735 1122 ad
767 1063 1007 1123 celebrationem
1040 1064 1181 1139 praelixa
1210 1072 1290 1124 sunt

211 1162 439 1241 baptismatisl,
469 1164 499 1222 id
534 1171 582 1224 est
616 1164 734 1240 pascha
763 1172 792 1223 et
818 1171 1033 1239 pentecostes,
1064 1181 1196 1242 quorum
1224 1183 1289 1226 uno

212 1268 318 1342 passio
348 1273 380 1325 et
403 1267 595 1327 'resurrectio
628 1267 758 1334 Domini,
790 1269 888 1327 altero
923 1267 1077 1329 adventus
1111 1267 1290 1330 celebratur

211 1369 338 1444 spiritus
361 1368 470 1428 sancti.
515 1369 575 1426 Alii
598 1370 709 1427 trinam
734 1371 937 1429 mersionemc
958 1371 1066 1429 volunt
1088 1368 1118 1428 in
1142 1370 1288 1432 similitu-

212 1471 315 1530 dinem
339 1470 503 1530 triduanae
527 1473 722 1546 sepulturae,
756 1481 789 1529 ut
817 1473 845 1530 in
870 1472 1046 1531 canonibus
1069 1474 1288 1546 apostolorum

212 1578 360 1632 statutum
384 1571 539 1631 habetur4
561 1579 591 1631 et
611 1575 820 1632 Romanorum
839 1573 1032 1634 consuetudo
1050 1574 1210 1648 observat3
1234 1576 1290 1636 alii

211 1692 305 1734 unam
328 1681 456 1750 propter
470 1674 639 1735 divinitatis
656 1676 801 1735 unitatem
819 1677 1019 1745 contendunt,
1044 1681 1077 1734 ut
1099 1676 1127 1735 in
1153 1677 1289 1739 concilio

209 1777 347 1837 toletano
383 1777 562 1851 plenissime
597 1776 763 1851 habeturi,
800 1778 852 1836 ubi
887 1779 980 1837 etiam
1015 1786 1289 1858 commemoratur,

212 1878 294 1954 quod
330 1880 442 1939 beatus
475 1880 640 1954 Gregorius
679 1880 879 1955 interroganti
919 1896 1014 1956 super
1046 1880 1108 1941 hoc
1140 1879 1287 1943 Leandro

212 1982 289 2040 inter
313 1987 435 2042 caetera
459 1983 501 2041 ita
517 1983 727 2057 responderit:
752 1986 847 2058 „quia
867 1986 899 2042 in
914 2001 977 2041 una
997 1986 1062 2055 fide
1084 1985 1162 2044 nihil
1185 1986 1291 2059 officit
1365 2000 1369 2005 ·

211 2088 363 2144 ecclesiae
379 2088 566 2145 consuetudo
583 2087 715 2144 diversa.
752 2084 813 2145 Nos
828 2091 942 2159 nutent,
966 2088 1049 2162 quod
1064 2089 1155 2146 tertio
1170 2091 1288 2162 merui·

212 2204 277 2245 rnus
311 2189 477 2246 triduanae
504 2191 683 2263 sepulturae
713 2196 913 2247 sacramenta
943 2191 1116 2262 sipnantus,
1147 2195 1183 2249 ut
1211 2189 1287 2250 dunt

213 2293 301 2350 tertio
318 2291 356 2348 ab
373 2293 462 2365 aquis
485 2292 589 2362 infans
605 2291 751 2349 educitur
773 2292 964 2350 resurrectio
982 2291 1120 2349 triduani
1137 2296 1288 2366 temporis

212 2393 417 2466 exprimatur.
465 2391 553 2461 Quod
580 2394 606 2451 si
633 2395 700 2464 uuis
724 2395 811 2465 sorte
833 2394 924 2452 etiarn
946 2408 1008 2466 pro
1035 2409 1172 2452 summae
1195 2397 1287 2454 trini-

213 2495 284 2552 tatis
315 2496 511 2552 ueneratione
546 2496 700 2552 existimet
722 2496 809 2566 fieri,
844 2510 944 2569 neque
976 2489 1034 2554 abll
1066 2495 1127 2554 troc
1162 2496 1288 2570 aliquid

212 2595 330 2654 obsistit
352 2595 574 2668 baptizantium
595 2599 689 2654 semel
711 2599 741 2653 in
764 2598 853 2668 aquis
875 2612 1036 2667 meruere;
1059 2597 1133 2671 qnia
1156 2596 1286 2658 damin

212 2697 309 2754 tribus
331 2696 531 2754 subsistentiis
555 2713 616 2754 unu
645 2698 817 2756 substantia
842 2704 899 2769 est,
930 2696 1194 2782 repraehensione
1218 2716 1286 2760 esse

211 2799 389 2856 nuliatenus
415 2799 564 2875 poterit&
601 2799 750 2873 infantem
783 2799 966 2873 baptismate
1003 2793 1067 2856 terf
1104 2802 1152 2857 vel
1187 2805 1287 2860 semel

212 2915 368 2971 meruere,
398 2899 521 2973 quando
546 2902 626 2958 etin
656 2901 752 2959 tribus
776 2900 976 2958 mersionibus
992 2916 1202 2975 personarum
1227 2905 1284 2962 tri·

280 3082 354 3144 aoe,
381 3099 432 3133 om.
459 3085 494 3135 in.
520 3111 554 3119 —
583 3071 669 3146 behi,
696 3085 836 3147 baptizatis.
866 3113 898 3121 -—
926 3082 997 3146 εοο,
1024 3084 1226 3135 immersionem.
1248 3113 1284 3123 -

211 3153 325 3219 dtextus
351 3168 443 3236 synod.
465 3169 496 3217 ad
521 3168 578 3219 hoc.
607 3198 637 3205 -
666 3167 755 3221 etext.
782 3169 873 3235 synod.
900 3173 990 3232 potest.
1017 3197 1047 3205 —
1076 3153 1163 3220 ftext.
1189 3170 1285 3237 synod.

211 3253 253 3305 vel
269 3259 314 3304 ter.

283 3429 291 3462 1
309 3424 359 3478 Cir.
377 3424 513 3488 epistulam
531 3423 624 3473 Leonis
642 3423 659 3479 Ι,
683 3422 715 3472 ad
733 3423 866 3487 episcopos
884 3420 987 3474 Siciliae
1006 3438 1083 3488 supra
1101 3430 1270 3475 memoratam
1276 3442 1284 3488 ;

210 3525 235 3575 p.
249 3512 280 3562 89
299 3515 350 3560 not.
370 3512 392 3560 i.
412 3536 442 3544 —-
465 3509 582 3558 ²Roem.
599 3507 642 3566 VI,
661 3509 684 3557 3.
705 3535 736 3542 -
756 3510 766 3544 ³
784 3506 870 3556 loann.
890 3506 928 3568 ΙΙΙ,
942 3511 966 3560 5.
986 3538 1016 3545 -
1036 3513 1048 3545 ⁴
1065 3523 1120 3558 can.
1140 3515 1220 3574 apost.
1240 3512 1282 3563 50.

212 3593 256 3655 „Si
275 3596 332 3659 quis
349 3595 483 3658 episcopus
501 3593 543 3643 vel
561 3592 694 3658 presbyter
712 3607 763 3642 non
781 3593 873 3642 trinam
898 3595 1052 3644 mersionem
1070 3595 1148 3644 unius
1167 3596 1284 3662 mysterii

210 3679 326 3739 celebret,
350 3678 395 3728 sed
414 3678 493 3728 semel
511 3683 608 3741 mergat
625 3677 652 3726 in
670 3677 830 3740 baptismate,
854 3678 924 3742 quod
942 3678 997 3728 dari
1015 3678 1116 3729 videtur
1133 3681 1160 3729 in
1178 3679 1283 3731 Domini

210 3770 301 3823 morte,
319 3756 482 3827 deponatur.“
502 3791 535 3799 -
554 3767 565 3799 ⁵
583 3759 660 3812 Cone.
677 3761 746 3811 tolet.
760 3760 803 3822 IV,
823 3777 890 3812 anno
904 3765 960 3827 633,
980 3778 1034 3813 ean.
1048 3763 1091 3815 vl.
1120 3762 1204 3814 Mansi
1221 3763 1281 3828 ΙΙΙ,

210 3864 234 3912 p.
256 3850 313 3899 614.
