2768 4552
532 367 743 428 ..gg-

83 530 142 597 ¹ab
166 537 248 595 italis
273 537 404 612 primum
428 537 554 597 inventa
576 538 741 597 traduntur
763 539 812 596 vel
833 537 997 597 Ambrosio
1019 536 1174 608 videlicet,

102 640 153 698 vel
177 638 265 700 aliisa
288 656 372 698 nova
401 639 573 698 divinarum
605 639 734 699 landum
758 641 1010 713 augmentatione
1033 639 1175 713 gauden-

102 738 231 800 tibusl:
257 741 295 800 Et
322 742 393 818 quia
423 741 576 816 gallicana
603 740 737 800 ecclesia
767 741 842 800 viris
872 759 933 802 non
957 742 1061 802 minus
1093 741 1174 816 peri·

102 842 231 902 tissimis
254 844 411 903 instructa
428 857 587 902 sacrorum
612 841 780 902 officiorum
802 844 1013 903 instrumenta
1038 843 1176 904 habebat

104 960 166 1003 non
200 944 340 1020 minima,
370 961 410 1003 ex
445 945 490 1003 eis
520 943 626 1019 aliqua
656 944 866 1005 Romanorum
901 942 1012 1007 ciliciis
1044 947 1176 1005 inmixta

44 1068 46 1074 s
103 1047 262 1119 dicuntur,
291 1061 371 1122 quae
402 1046 541 1121 plerique
573 1051 602 1104 et
628 1045 735 1105 verbis
765 1053 796 1106 et
825 1056 968 1109 sono'se
999 1050 1175 1109 acaeteris

105 1149 246 1208 cautibus
275 1149 453 1208 discernere
476 1163 571 1223 posse
595 1147 753 1208 latentur&
800 1149 861 1208 Sed
884 1151 1045 1226 privilegio
1069 1165 1176 1210 roma·

104 1265 164 1309 nae
180 1251 265 1310 sedis
288 1252 456 1314 observato
473 1255 503 1310 et
520 1250 722 1324 congruentia
741 1252 916 1311 rationabili
934 1247 1174 1329 dispositionum

105 1353 188 1427 apud
213 1369 281 1414 eam
305 1353 456 1412 factarum
480 1353 690 1426 persuadente
713 1352 827 1411 iactum
851 1362 909 1424 est,
933 1355 1013 1415 utin
1031 1354 1176 1414 omnibus

104 1470 186 1529 pene
209 1455 389 1515 Latinorum
412 1455 551 1515 ecclesiis
576 1455 771 1514 consuetudo
804 1461 835 1514 et
858 1458 1070 1531 magisterium
1094 1458 1185 1516 eius·-

106 1557 175 1615 dem
205 1557 290 1616 sedis
321 1558 531 1630 praevaleret,
562 1556 636 1632 qnia
666 1572 725 1614 non
759 1563 807 1616 est
836 1559 896 1618 alia
925 1559 1176 1634 traditioneque

105 1660 269 1733 sentienda
291 1660 339 1717 vel
356 1660 385 1717 in
406 1659 476 1718 fidei
492 1661 602 1734 regula
618 1659 667 1716 vel
684 1659 712 1717 in
730 1658 986 1721 observationum
1010 1661 1174 1721 doctrina¹

105 1761 163 1822 Est
192 1763 284 1820 etiam
314 1761 364 1820 ille
394 1760 470 1822 ordo
500 1759 669 1820 officiorum
701 1757 895 1833 laudabilisl,
926 1772 1037 1838 queme
1063 1763 1177 1823 beatus

107 1869 196 1938 pater
218 1862 406 1923 Benedictus
430 1860 591 1922 monachis
614 1862 772 1921 constitnit
792 1862 1036 1936 observandum,
1061 1866 1180 1924 scilicet

30 1990 40 2005 ι
108 1970 142 2023 ut
165 1966 217 2040 qui
239 1967 400 2040 proposito
429 1966 602 2024 acaeteris
633 1965 865 2038 discernuntur,
896 1968 987 2025 etiam
1012 1968 1178 2026 continnae

108 2069 265 2127 servitulis
282 2085 379 2143 penso
391 2067 507 2143 aliquid
520 2067 654 2142 amplius
667 2068 797 2128 caeteris
810 2070 991 2143 persolvere
1001 2056 1178 2129 studeant.²

109 2169 205 2243 Quam
238 2170 474 2245 dispositionem
508 2169 580 2229 ideo
613 2185 631 2227 a
663 2171 841 2244 pastoribus
876 2172 1078 2231 ecclesiarum
1114 2186 1176 2230 non

109 2272 249 2331 interdici
277 2279 441 2349 putemne,
472 2271 546 2346 quia
574 2277 605 2330 et
626 2270 729 2330 vicina
751 2280 799 2332 est
826 2274 1002 2338 auctoritati
1024 2288 1177 2333 romanae

109 2377 140 2430 et
169 2374 242 2447 quia
276 2374 386 2433 beatus
422 2373 589 2448 Gregorius
619 2374 713 2433 vitam
747 2377 863 2450 egregii
892 2376 988 2450 patris
1018 2375 1176 2435 Benedicti

109 2475 293 2534 describens
323 2477 462 2550 regulam
491 2476 530 2535 ab
557 2471 687 2535 eodemf
710 2480 933 2553 conscriptam,
957 2478 985 2536 in
1011 2494 1074 2554 qua
1097 2478 1178 2537 idem

108 2576 277 2638 officiorum
294 2578 372 2638 ordo
389 2577 531 2647 habetur,
550 2579 766 2638 conlaudans³
780 2595 838 2639 sna
854 2579 1038 2639 auctoritate
1052 2579 1177 2639 statutis

109 2680 177 2741 eius
208 2681 313 2740 lavere
340 2681 470 2740 videtur.
523 2679 603 2739 Sunt
629 2686 750 2752 tamen,
779 2680 830 2755 qui
859 2682 965 2742 nescio
994 2697 1058 2757 qua
1088 2698 1179 2757 prae-

43 2837 45 2847 .
108 2784 283 2857 sumptione
306 2799 368 2842 non
391 2798 429 2841 ea
444 2783 541 2841 velint
557 2776 775 2845 constitutione
793 2782 844 2853 uti,
866 2785 1007 2843 volentes
1023 2784 1177 2858 pigritiam

109 2886 159 2944 vel
182 2884 416 2961 protervitatem
440 2900 525 2945 suam
550 2885 601 2944 illo
626 2885 777 2944 excusare
801 2883 963 2958 permissu,
986 2895 1071 2962 quo&
1087 2901 1180 2945 sanc·

107 2985 248 3045 tissimus
282 2986 329 3046 vir
362 3002 417 3062 per
448 2985 628 3047 humilitatis
663 3003 741 3046 suae
778 2986 1024 3058 magnitudinem
1055 2988 1180 3046 videtur

108 3089 290 3160 concedere,
312 3095 348 3148 ut
370 3090 395 3149 si
419 3089 468 3149 cni
491 3089 685 3166 displicuerit
701 3087 877 3148 distributio
895 3089 973 3158 eius,
995 3089 1181 3165 quemfecit

109 3187 329 3264 psalmoruml,
362 3191 491 3256 ordinet,
519 3193 545 3249 si
577 3191 664 3249 aliter
698 3192 805 3251 melius
839 3190 1052 3259 iudicaveritl,
1073 3191 1178 3266 'quasi

177 3357 245 3418 aoe,
263 3358 316 3409 alii.
344 3388 375 3395 —
404 3345 474 3419 boe,
491 3357 623 3422 gaudenti.
649 3386 682 3395 —
709 3356 776 3420 coe,
794 3357 927 3425 fateantur,
945 3385 978 3394 -
1002 3342 1070 3418 dm,
1089 3357 1180 3407 lauda·

107 3442 162 3493 bili.
182 3473 213 3480 -
232 3442 244 3469 θ
263 3458 298 3504 m,
316 3458 402 3509 quam.
424 3472 455 3480 -
473 3426 485 3467 f
502 3458 539 3505 oe,
558 3458 596 3492 eo.
619 3471 651 3480 -
672 3442 687 3482 ὅ
709 3441 753 3502 ml,
772 3441 854 3506 quod,
873 3441 909 3490 M¹
930 3457 1016 3507 quem.
1034 3470 1068 3479 —
1090 3428 1103 3467 h
1123 3441 1180 3494 S.G.

109 3542 160 3578 orn.
179 3526 347 3592 psalmorum.

181 3679 257 3731 1Clr.
276 3696 332 3745 sup.
351 3697 410 3747 pag.
429 3686 461 3734 55
481 3688 503 3733 et
521 3685 553 3735 79
563 3697 600 3748 sq.
620 3713 653 3720 -
673 3685 684 3720 2
702 3681 751 3733 Cir.
774 3681 837 3744 Reg.
862 3696 881 3729 s.
903 3679 998 3730 Bened.
1021 3695 1061 3744 ep.
1080 3682 1121 3732 65.
1145 3707 1181 3718 -

45 3816 49 3824 ,
110 3768 121 3803 ³
140 3765 214 3830 Greg.
226 3765 260 3817 M.
273 3765 373 3831 Dialog.
386 3766 403 3818 l.
417 3768 445 3818 ll.
464 3795 497 3804 -
517 3772 528 3806 ⁴
545 3767 595 3820 Cir.
613 3767 739 3832 Regulam
759 3784 779 3818 s.
794 3765 887 3816 Bened.
906 3766 998 3830 cp.18.
1019 3764 1089 3827 „Hoc
1107 3779 1181 3829 prae-

107 3851 183 3915 cipue
205 3857 411 3916 commonentes,
438 3856 465 3902 ni
489 3853 511 3903 si
534 3854 576 3903 c'ui
599 3853 660 3903 forle
684 3852 747 3902 haec
775 3849 917 3902 distributio
942 3849 1103 3914 psalmorum
1127 3850 1182 3901 dis·

107 3935 233 4000 plicuerit,
252 3936 359 3999 ordinet,
377 3938 398 3986 si
417 3936 510 3988 melius
529 3936 602 3987 aliter
620 3937 779 4000 iudicaverit,
798 3936 860 3987 dnm
879 3935 1037 3988 omnimodis
1055 3935 1083 3986 id
1101 3939 1181 3987 allen-

944 4021 980 4072 g*
