2768 4552
578 277 788 335 ..55-

153 445 392 508 mediolanensis
407 449 584 523 episeopus,
607 456 670 508 tam
695 447 809 506 missae
832 461 927 521 quam
948 452 1143 506 caeterorum
1159 444 1227 504 dis-

154 549 336 624 positionem
362 548 531 608 ollreiorum
556 565 632 608 suae
657 550 809 608 eeclesiae
832 554 863 607 et
888 547 955 606 aliis
978 543 1148 622 Liguribus
1171 563 1226 607 or-

153 650 281 724 dinavit,
317 666 398 726 quae
434 657 464 709 et
497 666 598 726 usque
631 650 725 710 hodie
758 651 787 708 in
823 649 1049 709 mediolanensi
1080 653 1226 707 tenetura

153 753 293 812 ecclesia.
337 754 432 827 Igitur
467 751 604 811 ordinem
639 752 756 812 missae
787 768 943 825 romanae,
978 758 1012 811 ut
1040 766 1223 827 possumus,
1280 811 1284 820 ,

153 871 352 930 exequamur.
402 855 593 929 Antiphanes
625 855 667 912 ad
696 855 859 914 Introltum
890 854 992 913 dicere
1023 851 1224 912 Caelestinus

152 973 236 1034 papa
257 956 357 1015 XLV1
380 956 519 1027 institnit,
547 956 627 1016 sicut
648 957 761 1030 legitur
783 958 812 1016 in
842 957 940 1029 gestis
968 954 1146 1032 pontificum
1169 971 1222 1014 ro-

152 1075 326 1132 manorum,
361 1047 431 1117 cum
462 1059 499 1116 ad
531 1059 598 1118 eius
628 1074 729 1132 usque
758 1063 900 1136 tempora
927 1062 999 1116 ante
1033 1055 1224 1116 sacrificium

152 1160 243 1220 lectio
267 1176 330 1219 una
354 1159 486 1236 apostoli
509 1166 628 1220 tantum
645 1166 675 1219 et
698 1161 892 1235 euangelium
916 1159 1098 1232 legeretur.²
1141 1157 1224 1218 Lae-

154 1265 258 1322 tantae
274 1267 378 1321 autem
396 1277 477 1336 quae
491 1266 674 1337 sequuntur,
690 1263 721 1320 id
736 1267 785 1321 est
800 1261 882 1320 Kirie
899 1260 1016 1320 eleison
1033 1257 1082 1318 etb
1099 1258 1223 1320 Christe

101 1401 102 1405 =
153 1364 280 1436 eleison,
304 1379 323 1422 a
338 1364 524 1422 Graecorum
542 1380 603 1423 usu
619 1372 761 1439 sumptae
778 1364 953 1437 creduntur,
974 1364 1047 1439 quia
1062 1368 1093 1422 et
1108 1377 1224 1437 graeca

154 1471 228 1525 sont
243 1464 341 1524 verba
364 1471 395 1525 et
411 1481 448 1524 ea
471 1465 528 1541 ipsi
548 1467 655 1525 Graeci
680 1467 807 1542 saepius
831 1467 859 1524 in
885 1466 951 1524 suis
975 1465 1087 1524 iterant
1105 1465 1223 1524 missis.

157 1568 283 1626 l'mnunl
307 1574 409 1626 autem
433 1571 616 1647 angelicum,
647 1570 677 1627 iu
701 1585 761 1644 quo
786 1568 894 1644 paucis
916 1567 1031 1637 verbis,
1060 1576 1158 1642 quaec
1181 1566 1222 1624 ab

154 1668 274 1743 angelis
304 1669 386 1728 circa
415 1670 607 1730 nativitatem
640 1671 825 1730 dominicam
853 1669 883 1727 in
915 1665 1026 1728 laude¹l
1057 1668 1113 1727 Dei
1148 1675 1224 1727 sunt

152 1772 279 1846 prolata,
308 1778 475 1845 sequentes
505 1774 603 1832 sancti
631 1779 735 1848 patres
760 1773 797 1832 ad
822 1787 1018 1831 communem
1041 1776 1168 1829 sanctae
1191 1777 1225 1829 et

153 1872 330 1931 individuae
358 1872 502 1934 trinitatis
531 1876 740 1934 laudationem
769 1875 967 1934 dulcissimas
995 1879 1025 1932 et
1048 1886 1222 1947 congruen-

153 1975 293 2035 tissimas
318 1974 469 2035 dictiones
494 1977 687 2049 addiderunt,
716 1983 758 2049 ut,
789 1977 870 2034 sicut
894 1975 961 2034 eius
992 1975 1173 2051 principium
1205 1991 1225 2034 a

155 2076 345 2138 caelestibus
376 2083 426 2136 est
455 2078 629 2139 ordinatum
664 2079 821 2150 ministris,
855 2078 897 2135 ita
930 2077 1021 2136 etiam
1056 2082 1120 2135 tota
1153 2076 1224 2135 eius

155 2180 253 2239 series
283 2180 395 2239 divinis
425 2187 511 2239 esset
538 2182 627 2254 plena
657 2181 829 2256 mysteriis:
864 2180 958 2250 illum,
987 2180 1124 2253 inquam,
1152 2195 1225 2253 ym-

155 2299 227 2341 num
257 2288 329 2340 ante
357 2282 542 2342 sacrificium
574 2284 641 2353 dici,
664 2282 875 2357 Telesphorus
898 2280 968 2339 lit.3
1011 2280 1225 2339 Romanorum
1283 2270 1287 2278 ’

155 2385 278 2460 praesul
304 2384 492 2455 eonstituit⁴‚
524 2390 557 2443 nt
584 2384 623 2442 ad
650 2389 755 2443 tantae
783 2383 958 2444 sanctitatis
982 2381 1225 2442 celebrationem

223 2566 235 2592 ἃ
253 2566 285 2628 Μ,
304 2568 457 2626 continetur;
477 2566 540 2629 mlh,
557 2573 681 2618 tenentur.
701 2597 732 2605 -
752 2554 765 2593 ¹³
785 2566 829 2629 ml,
843 2584 893 2618 om.
906 2573 938 2618 et.
957 2597 987 2605 -
1007 2566 1017 2593 ⁰
1036 2583 1073 2630 oe,
1087 2566 1225 2631 quaedam.

154 2679 187 2686 -
205 2636 219 2676 ἀ
237 2667 274 2711 oe,
292 2650 404 2702 laudem.

154 2820 185 2870 ab
208 2819 353 2870 auctoribus
375 2822 428 2870 suis
451 2822 624 2886 apostolorum
648 2821 741 2872 Christi
763 2823 928 2887 principibus,
956 2823 1052 2873 illibata
1074 2823 1125 2873 line
1147 2827 1225 2873 tenus

154 2909 307 2968 permanet.“
344 2904 460 2955 Mansit.
479 2905 518 2968 XI,
541 2922 566 2970 p.
585 2909 633 2960 239
655 2913 679 2958 et
697 2911 754 2959 242.
790 2906 876 2956 Labbe
894 2913 910 2959 t.
928 2907 981 2969 Vll,
1004 2923 1028 2971 p.
1047 2908 1096 2957 659
1121 2910 1145 2955 et
1163 2907 1223 2958 662.

225 2994 234 3027 1
254 2990 328 3040 Reole
346 2989 427 3040 XLlll.
446 3019 480 3028 —
500 2994 510 3028 ²
528 2992 582 3043 Lib.
601 2999 670 3057 pont.
689 2993 774 3043 relert:
809 2992 871 3053 „Hic
887 2991 963 3059 (papa
981 2989 1125 3056 lta-432)
1142 2991 1227 3042 multa

154 3077 288 3125 constituta
306 3075 362 3124 lecit
379 3079 403 3124 et
421 3077 555 3139 constituit,
579 3084 606 3127 ut
623 3079 717 3142 psalmi
735 3076 817 3127 David
835 3075 874 3126 CL
893 3084 949 3126 ante
973 3074 1124 3126 sacrificinm
1146 3073 1226 3137 psalli

154 3158 340 3224 antiphonatim
365 3175 395 3209 ex
414 3161 542 3223 omnibus,
567 3160 636 3227 quod
659 3166 716 3210 ante
739 3176 791 3210 non
809 3159 895 3223 fiebat,
920 3162 970 3210 nisi
993 3165 1091 3209 tantum
1113 3160 1226 3222 epistula

153 3244 221 3295 beati
239 3243 313 3293 Pauli
330 3244 480 3295 recitabatur
498 3251 522 3296 et
539 3253 656 3296 sanctum
674 3245 863 3309 evangelium.“
900 3245 982 3296 Duch.
997 3245 1014 3308 l,
1027 3245 1085 3296 230.
1114 3242 1226 3294 Econtra

155 3328 215 3377 dicit
227 3327 428 3392 Theodemarus,
446 3330 524 3380 abbas
536 3331 683 3391 casinensis,
696 3331 721 3379 in
735 3329 843 3394 epistula
856 3330 888 3378 ad
901 3331 1021 3382 carolum
1035 3328 1159 3392 Magnum
1172 3329 1225 3380 fine

154 3412 234 3463 seculi
252 3414 335 3463 octavi
352 3415 455 3478 scripta:
476 3422 638 3478 „eognoscat:
658 3414 768 3465 necdum
787 3430 816 3464 eo
834 3420 947 3478 tempore
965 3413 1029 3482 (scil.
1043 3415 1123 3464 sancti
1140 3413 1224 3465 Bene-

155 3495 224 3562 dicti)
241 3497 266 3546 in
280 3497 395 3547 Romana
411 3498 525 3561 eeclesia,
544 3501 608 3549 sicut
621 3514 688 3549 nunc
705 3499 833 3562 leguntur,
851 3513 935 3549 sacras
947 3500 1083 3563 scripturas
1101 3497 1153 3562 legi
1166 3513 1224 3549 mos

155 3581 244 3641 luisse;
266 3581 312 3631 sed
334 3588 391 3647 post
414 3583 500 3648 aliquo
519 3589 632 3647 tempore
650 3583 698 3632 hoc
715 3583 859 3632 institutum
878 3599 941 3646 esse,
960 3585 1013 3634 sive
1031 3599 1046 3633 a
1062 3584 1135 3633 beato
1156 3598 1227 3648 papa

155 3664 277 3729 Gregorio
294 3668 357 3727 sive,
380 3674 407 3717 ut
424 3667 456 3718 ab
474 3668 531 3717 aliis
549 3667 704 3728 adsumatur,
722 3667 753 3717 ab
772 3666 908 3719 Honorio.“
944 3667 1016 3731 lette,
1035 3667 1156 3718 Biblioth.
1175 3684 1224 3721 rer.

155 3765 235 3815 germ.
254 3749 279 3798 V
297 3767 411 3802 monum.
431 3751 512 3802 Carol.
531 3767 556 3816 p.
575 3753 632 3803 360.
650 3780 683 3788 —
703 3756 713 3790 ³
731 3758 797 3803 recte
821 3759 933 3816 octavus,
956 3768 1022 3818 papa
1039 3768 1059 3802 c.
1080 3755 1223 3806 125-136.

155 3864 187 3874 -
207 3840 217 3872 ⁴
237 3835 299 3896 „Hic
317 3837 451 3896 constituit,
470 3842 496 3885 ut
515 3874 520 3885 .
539 3874 545 3886 .
565 3874 570 3886 .
588 3873 594 3886 .
614 3843 671 3889 ante
689 3839 841 3888 sacrificium
859 3837 975 3904 hymnus
998 3839 1122 3888 diceretur
1140 3852 1222 3902 ange-
