2768 4552
185 1153 302 1288 incipit
333 1195 460 1265 libellus
493 1197 661 1267 Walalridi
693 1198 861 1268 Strabonis
896 1196 937 1266 de
969 1196 1109 1268 exordiis
1140 1204 1173 1269 el

107 1331 308 1403 incrementis
338 1332 541 1423 quarundam
574 1334 604 1402 in
632 1333 912 1403 observationibus
946 1335 1172 1405 ecclesiasticis

105 1490 220 1538 rerurn.
294 1474 296 1481 ’

536 1640 738 1648 ——-

187 1858 254 1917 Hoc
277 1873 355 1933 opus
378 1858 523 1933 exiguum
546 1856 737 1917 Walalridus
761 1872 880 1933 pauper
902 1856 1064 1933 hebesque

188 1954 329 2034 Collegit,
354 1966 474 2035 patrum
499 1961 647 2035 dogmata
669 1961 732 2020 lata
755 1975 907 2034 sequens;

188 2061 1084 2138 Swmmmmwmmmmoewmmwffl,

188 2161 273 2221 Dura
297 2163 474 2238 Reginberti
498 2164 595 2223 iussio
619 2164 724 2238 adegit
746 2179 827 2222 eum.

189 2263 1094 2341 ffiwfflmmmwwfflmdmmmmmmo

187 2365 938 2443 Mdfflmm,whwffldhffloetmwemhi

100 2672 251 2748 incipiunt
275 2673 411 2750 capitula
434 2673 576 2748 opusculi
599 2674 769 2747 sequentis.

145 2822 165 2874 Ι.
184 2821 220 2873 De
238 2823 350 2875 exordiis
369 2822 523 2888 templorum
541 2829 564 2873 el
582 2820 710 2872 altarium.

133 2906 163 2958 ΙΙ.
182 2905 294 2970 Qualiter
311 2907 449 2972 religiones
467 2907 583 2979 diversae
602 2922 628 2957 se
648 2907 758 2957 invicem
776 2908 887 2957 imilalae
900 2911 960 2958 sunl
977 2910 1001 2957 et
1019 2906 1081 2972 quid
1099 2921 1170 2956 com·

186 3008 264 3043 mune
282 2992 426 3055 habuerint,
444 2991 507 3056 quid
525 2980 681 3042 diversuml.

122 3076 166 3128 lll.
186 3077 222 3128 De
239 3079 352 3143 proiectu
371 3078 504 3142 religionis
522 3077 683 3126 christianae.

121 3161 166 3214 lv.
185 3161 214 3212 ln
232 3178 296 3227 quas
315 3162 405 3228 plagas
423 3167 524 3213 orantes
541 3165 678 3212 verianlur.

133 3246 166 3299 V.
184 3247 220 3298 De
238 3249 314 3310 vasis,
333 3263 399 3313 quae
417 3247 565 3312 simpliciter
584 3245 660 3309 signa
677 3245 804 3296 dicuntur.

119 3330 166 3385 Vl.
185 3332 316 3398 Expositio
334 3334 471 3383 nominum
490 3329 650 3397 quorundam
670 3332 748 3380 sacris
765 3330 841 3381 rebus
858 3329 1039 3380 adiacentium.

110 3416 167 3468 VII.
186 3417 319 3479 Quomodo
339 3416 460 3466 lheolisee
478 3415 571 3466 domus
590 3415 631 3466 dei
649 3415 755 3465 dicatur.

100 3499 167 3555 vlll.
186 3501 222 3553 De
239 3499 397 3566 imaginibus
416 3505 440 3550 el
457 3501 569 3565 picturis.

125 3585 165 3638 lx
184 3586 220 3638 De
237 3585 341 3651 templis
358 3590 383 3636 ei
400 3584 524 3638 altaribus
542 3586 699 3639 dedicandis.

136 3669 166 3721 X.
185 3670 250 3734 Quid
268 3671 321 3722 fieri
340 3669 430 3720 debeat
447 3670 474 3720 in
492 3669 554 3721 locis
573 3670 621 3721 deo
639 3671 798 3721 consecratis.

168 3822 181 3851 ²
199 3840 232 3887 rn,
251 3823 323 3875 lecto.
334 3812 390 3862 -b
409 3824 455 3888 Ml,
476 3824 523 3886 „de
536 3823 645 3874 diversis
657 3821 841 3887 religionibus“
855 3835 870 3870 a
887 3835 967 3870 manu
983 3820 1115 3885 posteriori
1135 3821 1168 3870 ad

100 3910 243 3972 marginem
261 3913 384 3959 nolalum.

150 3989 298 4047 nnoprrer,
313 3988 429 4032 warenna
443 3989 514 4033 sula
526 3991 581 4032 noer
595 3991 622 4033 ue
636 3990 735 4032 exorans
749 3994 789 4031 era
949 3976 960 4025 1
