2768 4552
588 342 801 401 -.62-

165 512 253 571 tera.1
288 509 327 568 Et
346 511 525 579 notandum,
550 510 686 569 Graecos
710 510 782 569 illud
808 509 992 586 symbolum,
1016 512 1099 587 quod
1115 526 1174 571 nos
1191 514 1230 571 ad

164 613 363 672 imitationem
395 628 500 670 eorum
531 613 611 672 intra
639 613 751 672 missas
780 613 980 682 assumimus,
1008 612 1229 688 potiusquam

162 714 223 773 alia
253 715 282 772 in
313 713 483 773 cantilenae
513 714 706 774 dulcedinem
732 713 801 774 ideo
825 714 1031 784 transtulisse,
1060 714 1133 789 quia
1156 730 1231 774 eon-

162 815 427 891 stantinopolitani
462 817 580 874 concilii
616 817 774 891 proprium
809 821 857 874 est
890 821 921 874 et
956 817 1090 875 tortasse
1125 819 1231 892 aptius

160 919 326 977 videbatur
340 917 474 976 modulis
491 932 647 989 sonorum,
673 933 766 992 quam
787 917 958 985 nicaenum,
982 917 1065 992 quod
1088 923 1231 991 tempore

161 1021 247 1097 prius
272 1027 327 1093 est,
352 1027 382 1079 et
404 1025 437 1077 ut
460 1025 568 1077 contra
590 1018 818 1078 haereticorum
840 1035 962 1078 venena
985 1019 1014 1077 in
1039 1020 1115 1096 ipsis
1135 1021 1232 1079 etiam

161 1129 426 1182 sacramentorum
463 1120 724 1180 celebrationibus
755 1122 982 1180 medicamenta
1009 1122 1092 1197 apud
1123 1121 1232 1196 regiae

160 1242 236 1284 suae
270 1223 355 1283 urbis
390 1221 497 1280 sedem
533 1224 673 1282 contecta
706 1223 842 1282 fidelium
879 1223 1004 1282 devotio
1038 1222 1231 1297 replicaret.2

160 1328 207 1386 Ab
239 1327 316 1401 ipsis
341 1340 414 1398 ergo
444 1323 482 1381 ad
507 1324 665 1385 Romanos
696 1325 745 1383 ille
770 1341 848 1384 usus
872 1325 1005 1385 creditur
1027 1325 1232 1401 pervenisse3

159 1429 213 1487 sed
248 1428 330 1503 apud
360 1425 464 1484 Gallos
498 1432 527 1484 et
557 1426 727 1486 Germanos
759 1433 831 1500 post
862 1426 1065 1487 deiectionem
1095 1426 1232 1488 Felicis³

158 1527 307 1586 haeretici
325 1526 384 1585 sub
409 1528 632 1599 gloriosissimo
649 1530 764 1588 Karolo
782 1527 971 1588 Francorum
995 1534 1115 1586 rectore
1139 1529 1232 1588 dame

158 1629 230 1699 nati,
254 1629 335 1687 idem
353 1628 527 1704 symbolum
554 1632 646 1690 latius
670 1637 701 1690 et
724 1630 862 1690 crebrius
886 1631 914 1689 in
939 1631 1104 1689 missarum
1125 1631 1231 1707 coepit

158 1731 263 1792 olficiis
288 1731 402 1790 iterari.
434 1729 570 1791 Concilio
587 1747 714 1808 quoque
735 1732 870 1792 toletano
888 1737 1035 1793 statutum
1054 1741 1109 1807 est,
1125 1737 1230 1804 „omni

158 1837 313 1893 dominico
351 1834 428 1892 idem
465 1835 631 1908 symbolum
671 1835 836 1892 secundum
870 1851 984 1894 morem
1029 1837 1229 1894 orientolium

157 1939 363 1996 ecclesiarum
378 1938 521 2008 recitari,
545 1941 581 1993 ut
595 1937 783 2010 priusquam
802 1937 957 1996 dominice
971 1937 1092 1995 dicutur
1107 1941 1226 2011 oratic,

154 2040 232 2109 fides
267 2055 341 2096 uero
376 2039 566 2109 manifestius
600 2040 801 2098 testimonium
834 2040 949 2097 iubent
978 2045 1009 2097 et
1037 2041 1079 2097 ud
1111 2056 1230 2113 corpus

160 2141 271 2199 Christi
286 2157 325 2198 ue
339 2141 521 2213 sanquinem
533 2140 776 2215 praelibandum
786 2149 922 2216 pectora
934 2143 1123 2216 populorum
1131 2142 1227 2215 puri-

153 2245 252 2313 fieutu
276 2243 478 2302 accedunt.“⁴
522 2241 552 2299 ln
582 2242 722 2301 eiusdem
748 2240 806 2300 loci
832 2241 961 2301 concilio
990 2246 1137 2302 statutum
1168 2249 1226 2307 est.

147 2347 190 2403 ut
205 2343 295 2402 etiam
312 2360 426 2418 ymnus
448 2343 540 2402 trium
553 2346 745 2418 puerorum⁵
760 2343 800 2401 ad
819 2343 946 2401 missam
963 2342 1045 2402 omni
1068 2342 1228 2402 dominica

228 2531 233 2564 ¹
254 2524 303 2577 Csr.
322 2528 395 2577 Rom.
407 2526 437 2588 X,
452 2529 483 2578 10
503 2523 540 2582 εἰς
558 2525 704 2594 aucupiam
722 2526 801 2591 Vulg.
820 2528 851 2576 ad
870 2526 987 2577 salutem.
1006 2556 1040 2563 —
1060 2529 1070 2563 ²
1087 2527 1226 2578 Recitatio-

155 2627 213 2661 nem
227 2611 339 2676 symboli
358 2617 381 2660 et
399 2611 502 2676 quidem
517 2612 616 2661 nicaeni
634 2614 660 2660 in
673 2626 744 2662 sacra
757 2613 849 2678 synaxi
866 2613 978 2676 primum
993 2611 1092 2661 aPelro
1104 2610 1227 2675 Fullone,

153 2696 296 2760 patriarche
314 2694 468 2746 antiocheno
483 2701 507 2745 et
525 2695 714 2762 monophysitas,
739 2711 759 2747 c.
778 2698 827 2748 490
846 2696 1015 2745 introductam
1033 2711 1088 2745 esse
1109 2694 1227 2759 traditur,

154 2795 205 2846 quo
223 2782 357 2831 conamine
374 2779 480 2845 impulsi
499 2780 633 2831 orthodoxi
651 2782 723 2831 initio
736 2781 813 2831 seculi
825 2781 868 2832 Vl.
887 2797 933 2831 sua
946 2797 977 2830 ex
989 2785 1059 2845 parte
1072 2778 1225 2846 symbolum

152 2865 574 2929 nicaeno-constanlinopolitanum
599 2870 754 2930 receperunt.
794 2867 871 2915 Anno
895 2868 943 2918 589
971 2863 1088 2931 synodus
1113 2864 1227 2915 toletana

152 2952 224 3000 tertia
242 2951 371 3000 constituit
389 2964 443 2999 cen.
456 2949 488 2998 ll:
510 2955 551 3008 ,ut
568 2965 612 3013 per
629 2965 718 3000 omnes
737 2950 856 3001 eeclesias
869 2951 1006 3015 Hispaniae
1018 2949 1060 2999 vel
1079 2948 1227 3002 Gallaeciae

153 3037 294 3086 seeundum
312 3036 427 3101 formam
447 3036 611 3087 orientalium
630 3036 810 3093 ecelesiarum,
828 3034 929 3085 concilii
948 3034 1226 3098 constantinopolitani,

153 3118 202 3168 hoc
220 3125 257 3169 est
279 3121 569 3186 centumquinquaginta
592 3121 767 3184 episcoporum
793 3119 942 3186 symbolum
966 3119 1026 3170 fidei
1048 3120 1174 3179 recitetur,
1198 3126 1226 3171 ul

152 3205 302 3268 priusquam
328 3204 455 3256 dominica
477 3205 575 3254 dicatur
598 3205 684 3266 oratio,
712 3220 774 3254 voce
794 3205 862 3254 clara
888 3220 902 3253 a
928 3204 1023 3269 populo
1050 3199 1223 3256 decantetur.“

153 3287 235 3338 Mansi
253 3292 269 3337 t·
287 3287 329 3350 IX,
348 3293 404 3342 993.
432 3289 517 3340 Labbe
537 3295 551 3339 l.
565 3289 607 3350 Vl,
628 3306 651 3352 p.
666 3291 722 3341 706.
742 3319 772 3327 —
792 3294 803 3327 ³
821 3289 893 3339 Felix
912 3291 1046 3354 episeopus
1064 3288 1225 3353 urgelitanae

152 3373 272 3424 ecclesiae
285 3373 465 3438 adoptianlsmi
478 3375 575 3424 haeresi
589 3374 704 3435 inlectus,
718 3374 853 3424 damnatus
865 3381 902 3424 est
914 3374 1013 3439 synodo
1025 3374 1139 3438 generali
1153 3389 1224 3425 anno

154 3460 201 3509 illl
219 3458 288 3522 apud
312 3456 518 3508 Francofordiam
542 3458 675 3510 celebrato.
711 3457 760 3510 Cir.
781 3459 877 3523 Helela,
902 3458 1119 3522 Conciliengesch.
1140 3462 1162 3511 2.
1183 3461 1224 3512 ed.

152 3547 169 3594 t.
187 3542 229 3603 Ill,
254 3545 302 3594 642
315 3559 369 3609 sqq.
395 3573 426 3580 -
452 3540 530 3592 ⁴Clr.
554 3558 631 3606 supra
649 3549 700 3593 not.
719 3546 742 3594 2.
768 3573 799 3580 -
826 3549 837 3582 ⁵
859 3544 920 3594 Dan.
942 3543 983 3604 ΙΙΙ,
1005 3545 1036 3594 57
1047 3558 1101 3608 sqq.
1137 3544 1223 3595 Huius

152 3629 241 3677 cantici
263 3629 288 3677 in
316 3629 428 3678 olfieium
454 3627 571 3676 divinum
594 3628 730 3677 introducti
753 3630 865 3692 primurn
890 3629 948 3678 lacit
969 3628 1125 3677 mentionem
1154 3628 1224 3680 liber

153 3713 185 3763 de
211 3715 335 3780 virqinit,
363 3714 407 3763 ubi
434 3712 591 3762 invenimus:
630 3711 768 3771 „Matutine
794 3712 857 3763 hora
883 3713 952 3764 hunc
977 3714 1051 3764 dicite
1076 3712 1221 3777 psalmum:

151 3798 235 3861 ,Deus
260 3799 323 3848 deus
342 3813 414 3849 meus
432 3796 464 3846 ad
483 3802 506 3846 le
524 3797 555 3847 de
572 3797 628 3847 luce
647 3797 748 3860 vigilo‘3
770 3799 818 3849 sub
839 3798 954 3848 diluculo
972 3814 1043 3848 vero:
1067 3798 1223 3855 ,Benedicite

152 3885 239 3932 omnia
251 3897 327 3947 opera
340 3882 450 3944 Domini,
469 3881 601 3933 Domin0.“
641 3882 741 3942 „Gloria
759 3885 785 3934 in
800 3883 908 3934 excelsis
926 3883 977 3934 Deo
995 3888 1020 3932 et
1032 3884 1057 3932 in
1074 3888 1140 3933 terra
1157 3897 1224 3946 pax,
