<?xml version="1.0" encoding="UTF-8"?>
<!DOCTYPE html PUBLIC "-//W3C//DTD XHTML 1.0 Transitional//EN"
    "http://www.w3.org/TR/xhtml1/DTD/xhtml1-transitional.dtd">
<html xmlns="http://www.w3.org/1999/xhtml" xml:lang="en" lang="en">
 <head>
  <title>
</title>
<meta http-equiv="Content-Type" content="text/html;charset=utf-8" />
  <meta name='ocr-system' content='tesseract 3.04.00' />
  <meta name='ocr-capabilities' content='ocr_page ocr_carea ocr_par ocr_line ocrx_word'/>
</head>
<body>
  <div class='ocr_page' id='page_1' title='image "./liberdeexordiis00walagoog/liberdeexordiis00walagoog_0120.png"; bbox 0 0 2768 4552; ppageno 0'>
   <div class='ocr_carea' id='block_1_1' title="bbox 549 383 761 443">
    <p class='ocr_par' dir='ltr' id='par_1_1' title="bbox 549 383 761 443">
     <span class='ocr_line' id='line_1_1' title="bbox 549 383 761 443; baseline 0 -17"><span class='ocrx_word' id='word_1_1' title='bbox 549 383 761 443; x_wconf 75' lang='lat'>...97-</span> 
     </span>
    </p>
   </div>
   <div class='ocr_carea' id='block_1_2' title="bbox 122 553 1197 1944">
    <p class='ocr_par' dir='ltr' id='par_1_2' title="bbox 122 553 1197 1944">
     <span class='ocr_line' id='line_1_2' title="bbox 122 553 1188 627; baseline 0.001 -15"><span class='ocrx_word' id='word_1_2' title='bbox 122 554 224 615; x_wconf 91' lang='lat' dir='ltr'><strong>idibus</strong></span> <span class='ocrx_word' id='word_1_3' title='bbox 257 554 481 616; x_wconf 77' lang='lat' dir='ltr'><strong>Decembribus</strong></span> <span class='ocrx_word' id='word_1_4' title='bbox 514 554 692 613; x_wconf 90' lang='lat' dir='ltr'><strong>triduanum</strong></span> <span class='ocrx_word' id='word_1_5' title='bbox 732 559 906 613; x_wconf 89' lang='lat' dir='ltr'><strong>statuerunt</strong></span> <span class='ocrx_word' id='word_1_6' title='bbox 941 553 1099 627; x_wconf 90' lang='lat' dir='ltr'><strong>ieiunium,</strong></span> <span class='ocrx_word' id='word_1_7' title='bbox 1136 554 1188 615; x_wconf 89' lang='lat' dir='ltr'><strong>alii</strong></span> 
     </span>
     <span class='ocr_line' id='line_1_3' title="bbox 123 654 1188 729; baseline 0 -13"><span class='ocrx_word' id='word_1_8' title='bbox 123 656 270 717; x_wconf 82' lang='lat' dir='ltr'>Kalendis</span> <span class='ocrx_word' id='word_1_9' title='bbox 295 654 548 716; x_wconf 63' lang='lat' dir='ltr'><strong>Novembribusl.</strong></span> <span class='ocrx_word' id='word_1_10' title='bbox 592 654 766 714; x_wconf 76' lang='lat' dir='ltr'>Notandum</span> <span class='ocrx_word' id='word_1_11' title='bbox 798 662 914 729; x_wconf 93' lang='lat' dir='ltr'><strong>autem,</strong></span> <span class='ocrx_word' id='word_1_12' title='bbox 946 657 1098 716; x_wconf 79' lang='lat' dir='ltr'><strong>laetanias</strong></span> <span class='ocrx_word' id='word_1_13' title='bbox 1129 673 1188 716; x_wconf 89' lang='lat' dir='ltr'><strong>non</strong></span> 
     </span>
     <span class='ocr_line' id='line_1_4' title="bbox 122 758 1190 836; baseline 0.003 -20"><span class='ocrx_word' id='word_1_14' title='bbox 122 764 241 817; x_wconf 90' lang='lat' dir='ltr'><strong>tantum</strong></span> <span class='ocrx_word' id='word_1_15' title='bbox 274 758 334 817; x_wconf 87' lang='lat' dir='ltr'><strong>dici</strong></span> <span class='ocrx_word' id='word_1_16' title='bbox 366 759 449 819; x_wconf 90' lang='lat' dir='ltr'><strong>illam</strong></span> <span class='ocrx_word' id='word_1_17' title='bbox 484 758 694 818; x_wconf 76' lang='lat' dir='ltr'><strong>recitationem</strong></span> <span class='ocrx_word' id='word_1_18' title='bbox 726 758 898 835; x_wconf 84' lang='lat' dir='ltr'><strong>nominum,</strong></span> <span class='ocrx_word' id='word_1_19' title='bbox 933 775 994 836; x_wconf 89' lang='lat' dir='ltr'><strong>qua</strong></span> <span class='ocrx_word' id='word_1_20' title='bbox 1028 758 1126 818; x_wconf 89' lang='lat' dir='ltr'><strong>sancti</strong></span> <span class='ocrx_word' id='word_1_21' title='bbox 1160 759 1190 819; x_wconf 91' lang='lat' dir='ltr'><strong>iu</strong></span> 
     </span>
     <span class='ocr_line' id='line_1_5' title="bbox 124 859 1189 933; baseline 0 -15"><span class='ocrx_word' id='word_1_22' title='bbox 124 861 309 920; x_wconf 90' lang='lat' dir='ltr'><strong>adiutorium</strong></span> <span class='ocrx_word' id='word_1_23' title='bbox 325 865 479 920; x_wconf 89' lang='lat' dir='ltr'><strong>vocantur</strong></span> <span class='ocrx_word' id='word_1_24' title='bbox 494 859 676 919; x_wconf 86' lang='lat' dir='ltr'><strong>infirmitatis</strong></span> <span class='ocrx_word' id='word_1_25' title='bbox 692 859 857 933; x_wconf 91' lang='lat' dir='ltr'><strong>humanae,</strong></span> <span class='ocrx_word' id='word_1_26' title='bbox 880 861 936 920; x_wconf 91' lang='lat' dir='ltr'><strong>sed</strong></span> <span class='ocrx_word' id='word_1_27' title='bbox 959 862 1051 920; x_wconf 89' lang='lat' dir='ltr'><strong>etiam</strong></span> <span class='ocrx_word' id='word_1_28' title='bbox 1069 866 1189 931; x_wconf 78' lang='lat' dir='ltr'><strong>cuncta,</strong></span> 
     </span>
     <span class='ocr_line' id='line_1_6' title="bbox 125 957 1191 1040; baseline 0.003 -21"><span class='ocrx_word' id='word_1_29' title='bbox 125 975 205 1035; x_wconf 88' lang='lat' dir='ltr'><strong>quae</strong></span> <span class='ocrx_word' id='word_1_30' title='bbox 227 957 277 1020; x_wconf 70' lang='lat' dir='ltr'><strong>inb</strong></span> <span class='ocrx_word' id='word_1_31' title='bbox 291 963 572 1038; x_wconf 86' lang='lat' dir='ltr'><strong>supplicationibus</strong></span> <span class='ocrx_word' id='word_1_32' title='bbox 587 961 673 1035; x_wconf 88' lang='lat' dir='ltr'><strong>fiunt,</strong></span> <span class='ocrx_word' id='word_1_33' title='bbox 696 962 894 1037; x_wconf 82' lang='lat' dir='ltr'><strong>rogationesc</strong></span> <span class='ocrx_word' id='word_1_34' title='bbox 917 964 1076 1040; x_wconf 88' lang='lat' dir='ltr'><strong>appellari.</strong></span> <span class='ocrx_word' id='word_1_35' title='bbox 1114 964 1191 1023; x_wconf 87' lang='lat' dir='ltr'><strong>Lae-</strong></span> 
     </span>
     <span class='ocr_line' id='line_1_7' title="bbox 124 1061 1191 1139; baseline 0.003 -19"><span class='ocrx_word' id='word_1_36' title='bbox 124 1061 249 1128; x_wconf 73' lang='lat' dir='ltr'><strong>tantast</strong></span> <span class='ocrx_word' id='word_1_37' title='bbox 280 1073 382 1123; x_wconf 91' lang='lat' dir='ltr'><strong>autem</strong></span> <span class='ocrx_word' id='word_1_38' title='bbox 415 1071 594 1124; x_wconf 89' lang='lat' dir='ltr'><strong>sauctorum</strong></span> <span class='ocrx_word' id='word_1_39' title='bbox 627 1066 782 1124; x_wconf 90' lang='lat' dir='ltr'><strong>nominum</strong></span> <span class='ocrx_word' id='word_1_40' title='bbox 817 1072 928 1139; x_wconf 91' lang='lat' dir='ltr'><strong>postea</strong></span> <span class='ocrx_word' id='word_1_41' title='bbox 959 1067 1129 1127; x_wconf 90' lang='lat' dir='ltr'><strong>creduntur</strong></span> <span class='ocrx_word' id='word_1_42' title='bbox 1161 1066 1191 1124; x_wconf 90' lang='lat' dir='ltr'><strong>irr</strong></span> 
     </span>
     <span class='ocr_line' id='line_1_8' title="bbox 125 1167 1192 1244; baseline 0.001 -21"><span class='ocrx_word' id='word_1_43' title='bbox 125 1180 216 1224; x_wconf 92' lang='lat' dir='ltr'><strong>usum</strong></span> <span class='ocrx_word' id='word_1_44' title='bbox 240 1172 430 1241; x_wconf 89' lang='lat' dir='ltr'><strong>assumptae,</strong></span> <span class='ocrx_word' id='word_1_45' title='bbox 454 1181 546 1241; x_wconf 89' lang='lat' dir='ltr'><strong>quarn</strong></span> <span class='ocrx_word' id='word_1_46' title='bbox 566 1167 772 1243; x_wconf 86' lang='lat' dir='ltr'><strong>Hieronymus</strong></span> <span class='ocrx_word' id='word_1_47' title='bbox 794 1168 1047 1244; x_wconf 82' lang='lat' dir='ltr'><strong>martyrologium</strong></span> <span class='ocrx_word' id='word_1_48' title='bbox 1063 1173 1192 1228; x_wconf 89' lang='lat' dir='ltr'><strong>secutus</strong></span> 
     </span>
     <span class='ocr_line' id='line_1_9' title="bbox 126 1267 1193 1345; baseline 0.001 -20"><span class='ocrx_word' id='word_1_49' title='bbox 126 1267 293 1329; x_wconf 82' lang='lat' dir='ltr'><strong>Eusebium</strong></span> <span class='ocrx_word' id='word_1_50' title='bbox 316 1269 552 1329; x_wconf 82' lang='lat' dir='ltr'><strong>Caesariensem</strong></span> <span class='ocrx_word' id='word_1_51' title='bbox 577 1270 723 1345; x_wconf 86' lang='lat' dir='ltr'><strong>paranni</strong></span> <span class='ocrx_word' id='word_1_52' title='bbox 747 1268 895 1328; x_wconf 92' lang='lat' dir='ltr'><strong>circulum</strong></span> <span class='ocrx_word' id='word_1_53' title='bbox 919 1269 1103 1344; x_wconf 86' lang='lat' dir='ltr'><strong>conscripsit</strong></span> <span class='ocrx_word' id='word_1_54' title='bbox 1115 1271 1132 1345; x_wconf 85' lang='lat'><strong>¹,</strong></span> <span class='ocrx_word' id='word_1_55' title='bbox 1156 1283 1193 1327; x_wconf 91' lang='lat' dir='ltr'><strong>ea</strong></span> 
     </span>
     <span class='ocr_line' id='line_1_10' title="bbox 127 1369 1194 1448; baseline 0 -19"><span class='ocrx_word' id='word_1_56' title='bbox 127 1371 291 1431; x_wconf 87' lang='lat' dir='ltr'><strong>occasione</strong></span> <span class='ocrx_word' id='word_1_57' title='bbox 317 1371 355 1430; x_wconf 89' lang='lat' dir='ltr'><strong>ab</strong></span> <span class='ocrx_word' id='word_1_58' title='bbox 385 1371 541 1448; x_wconf 86' lang='lat' dir='ltr'><strong>episcopis</strong></span> <span class='ocrx_word' id='word_1_59' title='bbox 565 1369 742 1432; x_wconf 80' lang='lat' dir='ltr'><strong>Chromatio</strong></span> <span class='ocrx_word' id='word_1_60' title='bbox 770 1376 801 1430; x_wconf 92' lang='lat' dir='ltr'><strong>et</strong></span> <span class='ocrx_word' id='word_1_61' title='bbox 825 1372 990 1432; x_wconf 87' lang='lat' dir='ltr'><strong>Heliodoro</strong></span> <span class='ocrx_word' id='word_1_62' title='bbox 1019 1371 1092 1431; x_wconf 93' lang='lat' dir='ltr'><strong>illud</strong></span> <span class='ocrx_word' id='word_1_63' title='bbox 1116 1385 1194 1445; x_wconf 91' lang='lat' dir='ltr'><strong>opus</strong></span> 
     </span>
     <span class='ocr_line' id='line_1_11' title="bbox 126 1473 1194 1550; baseline 0 -20"><span class='ocrx_word' id='word_1_64' title='bbox 126 1480 255 1546; x_wconf 90' lang='lat' dir='ltr'><strong>rogatus</strong></span> <span class='ocrx_word' id='word_1_65' title='bbox 272 1489 460 1549; x_wconf 88' lang='lat' dir='ltr'><strong>componere</strong></span> <span class='ocrx_word' id='word_1_66' title='bbox 470 1474 491 1544; x_wconf 80' lang='lat'><strong>2,</strong></span> <span class='ocrx_word' id='word_1_67' title='bbox 516 1474 588 1550; x_wconf 91' lang='lat' dir='ltr'><strong>quia</strong></span> <span class='ocrx_word' id='word_1_68' title='bbox 604 1473 809 1545; x_wconf 67' lang='lat' dir='ltr'><strong>Theodosius</strong></span> <span class='ocrx_word' id='word_1_69' title='bbox 826 1474 993 1549; x_wconf 90' lang='lat' dir='ltr'><strong>religiosus</strong></span> <span class='ocrx_word' id='word_1_70' title='bbox 1017 1473 1194 1550; x_wconf 89' lang='lat' dir='ltr'><strong>imperator,</strong></span> 
     </span>
     <span class='ocr_line' id='line_1_12' title="bbox 126 1574 1195 1652; baseline -0.001 -20"><span class='ocrx_word' id='word_1_71' title='bbox 126 1574 156 1634; x_wconf 94' lang='lat' dir='ltr'><strong>in</strong></span> <span class='ocrx_word' id='word_1_72' title='bbox 181 1577 310 1636; x_wconf 91' lang='lat' dir='ltr'><strong>concilio</strong></span> <span class='ocrx_word' id='word_1_73' title='bbox 339 1576 556 1652; x_wconf 88' lang='lat' dir='ltr'><strong>episcoporum</strong></span> <span class='ocrx_word' id='word_1_74' title='bbox 588 1576 726 1635; x_wconf 86' lang='lat' dir='ltr'><strong>laudavit</strong></span> <span class='ocrx_word' id='word_1_75' title='bbox 748 1575 939 1650; x_wconf 85' lang='lat' dir='ltr'><strong>Gregorium,</strong></span> <span class='ocrx_word' id='word_1_76' title='bbox 968 1574 1195 1635; x_wconf 90' lang='lat' dir='ltr'><strong>cordubensem</strong></span> 
     </span>
     <span class='ocr_line' id='line_1_13' title="bbox 125 1676 1196 1756; baseline -0.001 -20"><span class='ocrx_word' id='word_1_77' title='bbox 125 1676 324 1756; x_wconf 86' lang='lat' dir='ltr'><strong>episcopum,</strong></span> <span class='ocrx_word' id='word_1_78' title='bbox 351 1679 434 1754; x_wconf 91' lang='lat' dir='ltr'><strong>quod</strong></span> <span class='ocrx_word' id='word_1_79' title='bbox 463 1679 546 1739; x_wconf 91' lang='lat' dir='ltr'><strong>omni</strong></span> <span class='ocrx_word' id='word_1_80' title='bbox 574 1678 623 1738; x_wconf 90' lang='lat' dir='ltr'><strong>die</strong></span> <span class='ocrx_word' id='word_1_81' title='bbox 646 1679 760 1737; x_wconf 90' lang='lat' dir='ltr'><strong>missas</strong></span> <span class='ocrx_word' id='word_1_82' title='bbox 787 1677 948 1753; x_wconf 87' lang='lat' dir='ltr'><strong>explicans</strong></span> <span class='ocrx_word' id='word_1_83' title='bbox 979 1693 1085 1738; x_wconf 91' lang='lat' dir='ltr'><strong>eorum</strong></span> <span class='ocrx_word' id='word_1_84' title='bbox 1114 1693 1196 1736; x_wconf 87' lang='lat' dir='ltr'><strong>mar-</strong></span> 
     </span>
     <span class='ocr_line' id='line_1_14' title="bbox 127 1781 1197 1856; baseline 0.001 -19"><span class='ocrx_word' id='word_1_85' title='bbox 127 1786 243 1856; x_wconf 89' lang='lat' dir='ltr'><strong>tyrum,</strong></span> <span class='ocrx_word' id='word_1_86' title='bbox 273 1797 406 1856; x_wconf 91' lang='lat' dir='ltr'><strong>quorum</strong></span> <span class='ocrx_word' id='word_1_87' title='bbox 435 1782 575 1841; x_wconf 88' lang='lat' dir='ltr'><strong>natalitia</strong></span> <span class='ocrx_word' id='word_1_88' title='bbox 598 1787 714 1853; x_wconf 89' lang='lat' dir='ltr'><strong>essent,</strong></span> <span class='ocrx_word' id='word_1_89' title='bbox 744 1781 869 1840; x_wconf 89' lang='lat' dir='ltr'><strong>nomina</strong></span> <span class='ocrx_word' id='word_1_90' title='bbox 900 1781 1030 1856; x_wconf 87' lang='lat' dir='ltr'><strong>plurima</strong></span> <span class='ocrx_word' id='word_1_91' title='bbox 1060 1795 1197 1842; x_wconf 92' lang='lat' dir='ltr'><strong>comme-</strong></span> 
     </span>
     <span class='ocr_line' id='line_1_15' title="bbox 128 1889 272 1944; baseline 0 -3"><span class='ocrx_word' id='word_1_92' title='bbox 128 1889 272 1944; x_wconf 85' lang='lat' dir='ltr'><strong>moraret.</strong></span> 
     </span>
    </p>
   </div>
   <div class='ocr_carea' id='block_1_3' title="bbox 613 2190 718 2259">
    <p class='ocr_par' dir='ltr' id='par_1_3' title="bbox 613 2190 718 2259">
     <span class='ocr_line' id='line_1_16' title="bbox 613 2190 718 2259; baseline -0.01 0"><span class='ocrx_word' id='word_1_93' title='bbox 613 2190 718 2259; x_wconf 89' lang='lat' dir='ltr'>XXX.</span> 
     </span>
    </p>
   </div>
   <div class='ocr_carea' id='block_1_4' title="bbox 471 2359 862 2452">
    <p class='ocr_par' dir='ltr' id='par_1_4' title="bbox 471 2359 862 2452">
     <span class='ocr_line' id='line_1_17' title="bbox 471 2359 862 2452; baseline -0.003 -24"><span class='ocrx_word' id='word_1_94' title='bbox 471 2360 524 2429; x_wconf 82' lang='lat' dir='ltr'><strong>Dc</strong></span> <span class='ocrx_word' id='word_1_95' title='bbox 551 2382 640 2452; x_wconf 81' lang='lat' dir='ltr'><strong>aqua</strong></span> <span class='ocrx_word' id='word_1_96' title='bbox 665 2359 862 2452; x_wconf 76' lang='lat' dir='ltr'><strong>sparsionis.</strong></span> 
     </span>
    </p>
   </div>
   <div class='ocr_carea' id='block_1_5' title="bbox 132 2557 1200 2740">
    <p class='ocr_par' dir='ltr' id='par_1_5' title="bbox 132 2557 1200 2740">
     <span class='ocr_line' id='line_1_18' title="bbox 196 2557 1200 2636; baseline -0.002 -17"><span class='ocrx_word' id='word_1_97' title='bbox 196 2563 321 2636; x_wconf 88' lang='lat' dir='ltr'><strong>Aquam</strong></span> <span class='ocrx_word' id='word_1_98' title='bbox 352 2562 525 2636; x_wconf 90' lang='lat' dir='ltr'><strong>sparsionis</strong></span> <span class='ocrx_word' id='word_1_99' title='bbox 554 2578 624 2621; x_wconf 89' lang='lat' dir='ltr'><strong>cum</strong></span> <span class='ocrx_word' id='word_1_100' title='bbox 653 2565 719 2622; x_wconf 88' lang='lat' dir='ltr'><strong>sale</strong></span> <span class='ocrx_word' id='word_1_101' title='bbox 744 2561 887 2622; x_wconf 88' lang='lat' dir='ltr'><strong>benedici</strong></span> <span class='ocrx_word' id='word_1_102' title='bbox 909 2565 940 2618; x_wconf 90' lang='lat' dir='ltr'><strong>et</strong></span> <span class='ocrx_word' id='word_1_103' title='bbox 961 2561 991 2619; x_wconf 90' lang='lat' dir='ltr'><strong>iu</strong></span> <span class='ocrx_word' id='word_1_104' title='bbox 1014 2557 1200 2618; x_wconf 85' lang='lat' dir='ltr'><strong>habitaculis</strong></span> 
     </span>
     <span class='ocr_line' id='line_1_19' title="bbox 132 2661 1199 2740; baseline -0.003 -18"><span class='ocrx_word' id='word_1_105' title='bbox 132 2663 267 2724; x_wconf 88' lang='lat' dir='ltr'><strong>fidelium</strong></span> <span class='ocrx_word' id='word_1_106' title='bbox 299 2664 419 2738; x_wconf 82' lang='lat' dir='ltr'><strong>spargi,</strong></span> <span class='ocrx_word' id='word_1_107' title='bbox 453 2664 631 2723; x_wconf 87' lang='lat' dir='ltr'><strong>Alexander</strong></span> <span class='ocrx_word' id='word_1_108' title='bbox 660 2680 741 2740; x_wconf 94' lang='lat' dir='ltr'><strong>papa</strong></span> <span class='ocrx_word' id='word_1_109' title='bbox 771 2664 955 2723; x_wconf 81' lang='lat' dir='ltr'><strong>constituit.³</strong></span> <span class='ocrx_word' id='word_1_110' title='bbox 1004 2663 1090 2723; x_wconf 91' lang='lat' dir='ltr'><strong>Sicut</strong></span> <span class='ocrx_word' id='word_1_111' title='bbox 1119 2661 1199 2722; x_wconf 94' lang='lat' dir='ltr'><strong>enim</strong></span> 
     </span>
    </p>
   </div>
   <div class='ocr_carea' id='block_1_6' title="bbox 201 2817 1205 2895">
    <p class='ocr_par' dir='ltr' id='par_1_6' title="bbox 201 2817 1205 2895">
     <span class='ocr_line' id='line_1_20' title="bbox 201 2817 1205 2895; baseline -0.006 -13"><span class='ocrx_word' id='word_1_112' title='bbox 201 2831 270 2892; x_wconf 80' lang='lat' dir='ltr'><strong>⁸oe,</strong></span> <span class='ocrx_word' id='word_1_113' title='bbox 288 2830 477 2882; x_wconf 84' lang='lat' dir='ltr'><strong>Decembribus.</strong></span> <span class='ocrx_word' id='word_1_114' title='bbox 502 2859 535 2867; x_wconf 94' lang='lat'><strong>—</strong></span> <span class='ocrx_word' id='word_1_115' title='bbox 559 2817 629 2895; x_wconf 71' lang='lat' dir='ltr'><strong>boe,</strong></span> <span class='ocrx_word' id='word_1_116' title='bbox 653 2846 704 2882; x_wconf 90' lang='lat' dir='ltr'><strong>our.</strong></span> <span class='ocrx_word' id='word_1_117' title='bbox 723 2831 758 2882; x_wconf 84' lang='lat' dir='ltr'><strong>iu.</strong></span> <span class='ocrx_word' id='word_1_118' title='bbox 782 2859 813 2869; x_wconf 91' lang='lat'><em>-</em></span> <span class='ocrx_word' id='word_1_119' title='bbox 837 2829 904 2894; x_wconf 74' lang='grc' dir='ltr'><strong>οοε,</strong></span> <span class='ocrx_word' id='word_1_120' title='bbox 928 2830 1062 2891; x_wconf 72' lang='lat' dir='ltr'><strong>orationes</strong></span> <span class='ocrx_word' id='word_1_121' title='bbox 1085 2825 1205 2892; x_wconf 88' lang='lat' dir='ltr'><strong>supplent</strong></span> 
     </span>
    </p>
   </div>
   <div class='ocr_carea' id='block_1_7' title="bbox 134 2900 1210 3918">
    <p class='ocr_par' dir='ltr' id='par_1_7' title="bbox 134 2900 682 2982">
     <span class='ocr_line' id='line_1_21' title="bbox 134 2900 682 2982; baseline 0.005 -18"><span class='ocrx_word' id='word_1_122' title='bbox 134 2921 218 2967; x_wconf 89' lang='lat' dir='ltr'><strong>aulem</strong></span> <span class='ocrx_word' id='word_1_123' title='bbox 237 2921 319 2982; x_wconf 82' lang='lat' dir='ltr'><strong>rogat.</strong></span> <span class='ocrx_word' id='word_1_124' title='bbox 336 2944 370 2953; x_wconf 88' lang='lat'>—</span> <span class='ocrx_word' id='word_1_125' title='bbox 388 2900 402 2941; x_wconf 76' lang='lat'><strong>‘¹</strong></span> <span class='ocrx_word' id='word_1_126' title='bbox 420 2931 458 2979; x_wconf 87' lang='lat' dir='ltr'><strong>oe,</strong></span> <span class='ocrx_word' id='word_1_127' title='bbox 477 2915 545 2980; x_wconf 84' lang='lat' dir='ltr'><strong>sing.</strong></span> <span class='ocrx_word' id='word_1_128' title='bbox 564 2914 682 2967; x_wconf 91' lang='lat' dir='ltr'><strong>laetania.</strong></span> 
     </span>
    </p>

    <p class='ocr_par' dir='ltr' id='par_1_8' title="bbox 134 3081 1210 3918">
     <span class='ocr_line' id='line_1_22' title="bbox 207 3081 1204 3152; baseline -0.005 -16"><span class='ocrx_word' id='word_1_129' title='bbox 207 3084 317 3136; x_wconf 88' lang='lat' dir='ltr'><strong>¹Huius</strong></span> <span class='ocrx_word' id='word_1_130' title='bbox 338 3085 516 3152; x_wconf 87' lang='lat' dir='ltr'><strong>Martyrologii</strong></span> <span class='ocrx_word' id='word_1_131' title='bbox 540 3084 729 3152; x_wconf 78' lang='lat' dir='ltr'><strong>Hieronymum</strong></span> <span class='ocrx_word' id='word_1_132' title='bbox 752 3090 880 3135; x_wconf 90' lang='lat' dir='ltr'><strong>auctorem</strong></span> <span class='ocrx_word' id='word_1_133' title='bbox 904 3100 956 3135; x_wconf 92' lang='lat' dir='ltr'><strong>non</strong></span> <span class='ocrx_word' id='word_1_134' title='bbox 980 3085 1070 3142; x_wconf 85' lang='lat' dir='ltr'><strong>luisse,</strong></span> <span class='ocrx_word' id='word_1_135' title='bbox 1095 3081 1204 3134; x_wconf 93' lang='lat' dir='ltr'><strong>dubium</strong></span> 
     </span>
     <span class='ocr_line' id='line_1_23' title="bbox 136 3168 1207 3235; baseline -0.004 -13"><span class='ocrx_word' id='word_1_136' title='bbox 136 3185 187 3222; x_wconf 88' lang='lat' dir='ltr'><strong>nou</strong></span> <span class='ocrx_word' id='word_1_137' title='bbox 204 3175 252 3233; x_wconf 87' lang='lat' dir='ltr'><strong>est;</strong></span> <span class='ocrx_word' id='word_1_138' title='bbox 276 3171 309 3222; x_wconf 89' lang='lat' dir='ltr'><strong>de</strong></span> <span class='ocrx_word' id='word_1_139' title='bbox 326 3171 382 3222; x_wconf 91' lang='lat' dir='ltr'><strong>eius</strong></span> <span class='ocrx_word' id='word_1_140' title='bbox 405 3171 504 3235; x_wconf 86' lang='lat' dir='ltr'><strong>origine</strong></span> <span class='ocrx_word' id='word_1_141' title='bbox 528 3170 605 3221; x_wconf 86' lang='lat' dir='ltr'><strong>latius</strong></span> <span class='ocrx_word' id='word_1_142' title='bbox 628 3171 712 3234; x_wconf 87' lang='lat' dir='ltr'><strong>agitur</strong></span> <span class='ocrx_word' id='word_1_143' title='bbox 729 3172 756 3220; x_wconf 91' lang='lat' dir='ltr'><strong>in</strong></span> <span class='ocrx_word' id='word_1_144' title='bbox 775 3168 874 3231; x_wconf 73' lang='lat' dir='ltr'><strong>Kratas,</strong></span> <span class='ocrx_word' id='word_1_145' title='bbox 896 3170 979 3219; x_wconf 90' lang='lat' dir='ltr'><strong>Roma</strong></span> <span class='ocrx_word' id='word_1_146' title='bbox 996 3173 1052 3220; x_wconf 90' lang='lat' dir='ltr'><strong>sott.</strong></span> <span class='ocrx_word' id='word_1_147' title='bbox 1070 3183 1094 3232; x_wconf 89' lang='lat' dir='ltr'><strong>p.</strong></span> <span class='ocrx_word' id='word_1_148' title='bbox 1115 3168 1154 3219; x_wconf 87' lang='grc'><strong>19.</strong></span> <span class='ocrx_word' id='word_1_149' title='bbox 1173 3193 1207 3204; x_wconf 91' lang='grc'>-</span> 
     </span>
     <span class='ocr_line' id='line_1_24' title="bbox 137 3251 1207 3322; baseline -0.007 -14"><span class='ocrx_word' id='word_1_150' title='bbox 137 3259 148 3293; x_wconf 83' lang='lat'>²</span> <span class='ocrx_word' id='word_1_151' title='bbox 164 3257 208 3309; x_wconf 82' lang='lat' dir='ltr'><strong>cfr.</strong></span> <span class='ocrx_word' id='word_1_152' title='bbox 225 3255 325 3322; x_wconf 79' lang='lat' dir='ltr'><strong>¹lutrod.</strong></span> <span class='ocrx_word' id='word_1_153' title='bbox 348 3254 534 3322; x_wconf 88' lang='lat' dir='ltr'><strong>Martyrologii.</strong></span> <span class='ocrx_word' id='word_1_154' title='bbox 551 3283 584 3296; x_wconf 87' lang='lat'>-</span> <span class='ocrx_word' id='word_1_155' title='bbox 603 3259 614 3293; x_wconf 84' lang='lat'><strong>³</strong></span> <span class='ocrx_word' id='word_1_156' title='bbox 632 3255 781 3306; x_wconf 83' lang='lat' dir='ltr'><strong>Alexander</strong></span> <span class='ocrx_word' id='word_1_157' title='bbox 802 3252 821 3315; x_wconf 92' lang='lat' dir='ltr'><strong>l,</strong></span> <span class='ocrx_word' id='word_1_158' title='bbox 843 3270 864 3306; x_wconf 89' lang='lat' dir='ltr'><strong>c.</strong></span> <span class='ocrx_word' id='word_1_159' title='bbox 885 3256 1026 3307; x_wconf 85' lang='lat'>105-115.</span> <span class='ocrx_word' id='word_1_160' title='bbox 1064 3251 1128 3315; x_wconf 83' lang='lat' dir='ltr'><strong>,Hic</strong></span> <span class='ocrx_word' id='word_1_161' title='bbox 1145 3266 1207 3302; x_wconf 87' lang='lat' dir='ltr'><strong>cou-</strong></span> 
     </span>
     <span class='ocr_line' id='line_1_25' title="bbox 134 3336 1205 3407; baseline -0.002 -20"><span class='ocrx_word' id='word_1_162' title='bbox 134 3340 213 3392; x_wconf 85' lang='lat' dir='ltr'><strong>stituit</strong></span> <span class='ocrx_word' id='word_1_163' title='bbox 239 3356 334 3407; x_wconf 87' lang='lat' dir='ltr'><strong>aquam</strong></span> <span class='ocrx_word' id='word_1_164' title='bbox 361 3341 502 3405; x_wconf 87' lang='lat' dir='ltr'><strong>sparsionis</strong></span> <span class='ocrx_word' id='word_1_165' title='bbox 524 3355 584 3390; x_wconf 88' lang='lat' dir='ltr'><strong>eum</strong></span> <span class='ocrx_word' id='word_1_166' title='bbox 607 3339 660 3391; x_wconf 90' lang='lat' dir='ltr'><strong>sale</strong></span> <span class='ocrx_word' id='word_1_167' title='bbox 681 3339 798 3391; x_wconf 87' lang='lat' dir='ltr'><strong>benedici</strong></span> <span class='ocrx_word' id='word_1_168' title='bbox 821 3340 848 3389; x_wconf 93' lang='lat' dir='ltr'><strong>iu</strong></span> <span class='ocrx_word' id='word_1_169' title='bbox 870 3337 1023 3390; x_wconf 88' lang='lat' dir='ltr'><strong>habitaculis</strong></span> <span class='ocrx_word' id='word_1_170' title='bbox 1045 3336 1205 3388; x_wconf 84' lang='lat' dir='ltr'><strong>hominum.“</strong></span> 
     </span>
     <span class='ocr_line' id='line_1_26' title="bbox 137 3419 1208 3490; baseline -0.003 -16"><span class='ocrx_word' id='word_1_171' title='bbox 137 3419 165 3473; x_wconf 67' lang='lat' dir='ltr'><strong>L&#39;.</strong></span> <span class='ocrx_word' id='word_1_172' title='bbox 183 3439 208 3488; x_wconf 89' lang='lat' dir='ltr'><strong>p.</strong></span> <span class='ocrx_word' id='word_1_173' title='bbox 225 3425 307 3479; x_wconf 89' lang='lat' dir='ltr'><strong>Duch.</strong></span> <span class='ocrx_word' id='word_1_174' title='bbox 326 3426 344 3490; x_wconf 92' lang='lat' dir='ltr'><strong>i,</strong></span> <span class='ocrx_word' id='word_1_175' title='bbox 364 3429 421 3481; x_wconf 78' lang='lat'><strong>127.</strong></span> <span class='ocrx_word' id='word_1_176' title='bbox 457 3426 485 3477; x_wconf 93' lang='lat' dir='ltr'><strong>Iu</strong></span> <span class='ocrx_word' id='word_1_177' title='bbox 506 3426 703 3477; x_wconf 87' lang='lat' dir='ltr'><strong>sacramentario</strong></span> <span class='ocrx_word' id='word_1_178' title='bbox 722 3423 857 3477; x_wconf 90' lang='lat' dir='ltr'><strong>Gelasiano</strong></span> <span class='ocrx_word' id='word_1_179' title='bbox 878 3440 903 3488; x_wconf 91' lang='lat' dir='ltr'><strong>p.</strong></span> <span class='ocrx_word' id='word_1_180' title='bbox 921 3423 961 3485; x_wconf 89' lang='grc' dir='ltr'>ΙΙΙ,</span> <span class='ocrx_word' id='word_1_181' title='bbox 984 3439 1009 3474; x_wconf 91' lang='lat' dir='ltr'><strong>n.</strong></span> <span class='ocrx_word' id='word_1_182' title='bbox 1028 3421 1208 3490; x_wconf 70' lang='lat' dir='ltr'><strong>cammaron</strong></span> 
     </span>
     <span class='ocr_line' id='line_1_27' title="bbox 136 3504 1208 3578; baseline 0.002 -24"><span class='ocrx_word' id='word_1_183' title='bbox 136 3504 223 3572; x_wconf 89' lang='lat' dir='ltr'><strong>liturg.</strong></span> <span class='ocrx_word' id='word_1_184' title='bbox 240 3511 315 3564; x_wconf 81' lang='lat' dir='ltr'><strong>Rom.</strong></span> <span class='ocrx_word' id='word_1_185' title='bbox 333 3517 382 3564; x_wconf 80' lang='lat' dir='ltr'><strong>vet</strong></span> <span class='ocrx_word' id='word_1_186' title='bbox 401 3513 419 3574; x_wconf 91' lang='grc' dir='ltr'><strong>Ι,</strong></span> <span class='ocrx_word' id='word_1_187' title='bbox 438 3528 462 3577; x_wconf 91' lang='lat' dir='ltr'><strong>p.</strong></span> <span class='ocrx_word' id='word_1_188' title='bbox 482 3510 541 3578; x_wconf 82' lang='grc'>738)</span> <span class='ocrx_word' id='word_1_189' title='bbox 559 3512 673 3563; x_wconf 88' lang='lat' dir='ltr'><strong>invenies</strong></span> <span class='ocrx_word' id='word_1_190' title='bbox 694 3512 820 3561; x_wconf 89' lang='lat' dir='ltr'><strong>orationes</strong></span> <span class='ocrx_word' id='word_1_191' title='bbox 840 3508 957 3561; x_wconf 90' lang='lat' dir='ltr'><strong>benedic.</strong></span> <span class='ocrx_word' id='word_1_192' title='bbox 975 3514 1000 3559; x_wconf 92' lang='lat' dir='ltr'><strong>et</strong></span> <span class='ocrx_word' id='word_1_193' title='bbox 1017 3522 1102 3573; x_wconf 84' lang='lat' dir='ltr'><strong>sparg.</strong></span> <span class='ocrx_word' id='word_1_194' title='bbox 1126 3520 1208 3572; x_wconf 86' lang='lat' dir='ltr'><strong>aquae</strong></span> 
     </span>
     <span class='ocr_line' id='line_1_28' title="bbox 138 3589 1210 3664; baseline 0 -25"><span class='ocrx_word' id='word_1_195' title='bbox 138 3589 188 3642; x_wconf 85' lang='lat' dir='ltr'><strong>iere</strong></span> <span class='ocrx_word' id='word_1_196' title='bbox 210 3594 327 3658; x_wconf 80' lang='lat' dir='ltr'><strong>easdem,</strong></span> <span class='ocrx_word' id='word_1_197' title='bbox 349 3596 445 3664; x_wconf 91' lang='lat' dir='ltr'><strong>quibus</strong></span> <span class='ocrx_word' id='word_1_198' title='bbox 467 3595 545 3647; x_wconf 88' lang='lat' dir='ltr'><strong>hodie</strong></span> <span class='ocrx_word' id='word_1_199' title='bbox 567 3594 652 3647; x_wconf 86' lang='lat' dir='ltr'><strong>adbuc</strong></span> <span class='ocrx_word' id='word_1_200' title='bbox 671 3596 751 3645; x_wconf 86' lang='lat' dir='ltr'><strong>utitur</strong></span> <span class='ocrx_word' id='word_1_201' title='bbox 773 3593 881 3646; x_wconf 87' lang='lat' dir='ltr'><strong>ecelesia</strong></span> <span class='ocrx_word' id='word_1_202' title='bbox 899 3591 1075 3652; x_wconf 87' lang='lat' dir='ltr'><strong>occidentalis;</strong></span> <span class='ocrx_word' id='word_1_203' title='bbox 1098 3607 1138 3643; x_wconf 89' lang='lat' dir='ltr'><strong>ex.</strong></span> <span class='ocrx_word' id='word_1_204' title='bbox 1157 3604 1210 3654; x_wconf 75' lang='lat' dir='ltr'><strong>ga:</strong></span> 
     </span>
     <span class='ocr_line' id='line_1_29' title="bbox 140 3675 1210 3745; baseline -0.012 -8"><span class='ocrx_word' id='word_1_205' title='bbox 140 3675 231 3741; x_wconf 58' lang='lat' dir='ltr'><strong>oileus,</strong></span> <span class='ocrx_word' id='word_1_206' title='bbox 248 3681 294 3745; x_wconf 89' lang='lat' dir='ltr'><strong>qui</strong></span> <span class='ocrx_word' id='word_1_207' title='bbox 310 3681 344 3732; x_wconf 87' lang='lat' dir='ltr'><strong>ad</strong></span> <span class='ocrx_word' id='word_1_208' title='bbox 361 3681 471 3732; x_wconf 88' lang='lat' dir='ltr'><strong>salutern</strong></span> <span class='ocrx_word' id='word_1_209' title='bbox 488 3680 597 3732; x_wconf 88' lang='lat' dir='ltr'><strong>humani</strong></span> <span class='ocrx_word' id='word_1_210' title='bbox 620 3679 721 3745; x_wconf 88' lang='lat' dir='ltr'><strong>generis</strong></span> <span class='ocrx_word' id='word_1_211' title='bbox 739 3680 852 3729; x_wconf 90' lang='lat' dir='ltr'><strong>maxima</strong></span> <span class='ocrx_word' id='word_1_212' title='bbox 871 3691 988 3743; x_wconf 89' lang='lat' dir='ltr'><strong>quaeque</strong></span> <span class='ocrx_word' id='word_1_213' title='bbox 1005 3680 1163 3727; x_wconf 89' lang='lat' dir='ltr'><strong>sacramenta</strong></span> <span class='ocrx_word' id='word_1_214' title='bbox 1182 3675 1210 3725; x_wconf 90' lang='lat' dir='ltr'><strong>in</strong></span> 
     </span>
     <span class='ocr_line' id='line_1_30' title="bbox 137 3760 1208 3828; baseline 0 -18"><span class='ocrx_word' id='word_1_215' title='bbox 137 3775 263 3826; x_wconf 83' lang='lat' dir='ltr'><strong>aquarum</strong></span> <span class='ocrx_word' id='word_1_216' title='bbox 282 3764 421 3817; x_wconf 84' lang='lat' dir='ltr'><strong>substantia</strong></span> <span class='ocrx_word' id='word_1_217' title='bbox 439 3766 582 3828; x_wconf 89' lang='lat' dir='ltr'><strong>condidisti,</strong></span> <span class='ocrx_word' id='word_1_218' title='bbox 600 3765 687 3816; x_wconf 87' lang='lat' dir='ltr'><strong>adesto</strong></span> <span class='ocrx_word' id='word_1_219' title='bbox 705 3762 910 3815; x_wconf 88' lang='lat' dir='ltr'><strong>invocationibus</strong></span> <span class='ocrx_word' id='word_1_220' title='bbox 929 3762 1021 3812; x_wconf 88' lang='lat' dir='ltr'><strong>nostris</strong></span> <span class='ocrx_word' id='word_1_221' title='bbox 1039 3765 1064 3810; x_wconf 86' lang='lat' dir='ltr'><strong>et</strong></span> <span class='ocrx_word' id='word_1_222' title='bbox 1080 3760 1208 3813; x_wconf 68' lang='lat' dir='ltr'><strong>elemento</strong></span> 
     </span>
     <span class='ocr_line' id='line_1_31' title="bbox 139 3845 1209 3918; baseline -0.002 -22"><span class='ocrx_word' id='word_1_223' title='bbox 139 3845 216 3897; x_wconf 87' lang='lat' dir='ltr'><strong>huio“</strong></span> <span class='ocrx_word' id='word_1_224' title='bbox 228 3851 285 3909; x_wconf 74' lang='lat' dir='ltr'><strong>etc,</strong></span> <span class='ocrx_word' id='word_1_225' title='bbox 303 3852 327 3898; x_wconf 90' lang='lat' dir='ltr'><strong>et</strong></span> <span class='ocrx_word' id='word_1_226' title='bbox 338 3849 371 3918; x_wconf 76' lang='lat' dir='ltr'><strong>ad</strong></span> <span class='ocrx_word' id='word_1_227' title='bbox 388 3865 486 3915; x_wconf 61' lang='lat' dir='ltr'><strong>sparge</strong></span> <span class='ocrx_word' id='word_1_228' title='bbox 507 3850 622 3911; x_wconf 84' lang='lat' dir='ltr'><strong>„Exaudi</strong></span> <span class='ocrx_word' id='word_1_229' title='bbox 640 3866 694 3912; x_wconf 92' lang='lat' dir='ltr'><strong>nos,</strong></span> <span class='ocrx_word' id='word_1_230' title='bbox 713 3849 821 3899; x_wconf 91' lang='lat' dir='ltr'><strong>Domine</strong></span> <span class='ocrx_word' id='word_1_231' title='bbox 839 3852 931 3910; x_wconf 87' lang='lat' dir='ltr'><strong>sancte,</strong></span> <span class='ocrx_word' id='word_1_232' title='bbox 950 3850 1020 3911; x_wconf 89' lang='lat' dir='ltr'><strong>pater</strong></span> <span class='ocrx_word' id='word_1_233' title='bbox 1037 3846 1209 3910; x_wconf 85' lang='lat' dir='ltr'><strong>omnipotens,</strong></span> 
     </span>
    </p>
   </div>
   <div class='ocr_carea' id='block_1_8' title="bbox 139 3929 1210 4070">
    <p class='ocr_par' dir='ltr' id='par_1_9' title="bbox 139 3929 1210 4070">
     <span class='ocr_line' id='line_1_32' title="bbox 139 3929 1210 3998; baseline 0.002 -17"><span class='ocrx_word' id='word_1_234' title='bbox 139 3934 240 3982; x_wconf 89' lang='lat' dir='ltr'><strong>aeterne</strong></span> <span class='ocrx_word' id='word_1_235' title='bbox 257 3930 325 3982; x_wconf 88' lang='lat' dir='ltr'><strong>Deus</strong></span> <span class='ocrx_word' id='word_1_236' title='bbox 342 3937 368 3982; x_wconf 91' lang='lat' dir='ltr'><strong>et</strong></span> <span class='ocrx_word' id='word_1_237' title='bbox 385 3934 483 3985; x_wconf 88' lang='lat' dir='ltr'><strong>mittere</strong></span> <span class='ocrx_word' id='word_1_238' title='bbox 500 3934 608 3998; x_wconf 87' lang='lat' dir='ltr'><strong>dignare</strong></span> <span class='ocrx_word' id='word_1_239' title='bbox 627 3932 758 3996; x_wconf 85' lang='lat' dir='ltr'><strong>Angelum</strong></span> <span class='ocrx_word' id='word_1_240' title='bbox 775 3938 848 3983; x_wconf 88' lang='lat' dir='ltr'><strong>tuum</strong></span> <span class='ocrx_word' id='word_1_241' title='bbox 867 3937 982 3982; x_wconf 88' lang='lat' dir='ltr'><strong>sanetum</strong></span> <span class='ocrx_word' id='word_1_242' title='bbox 1001 3931 1033 3982; x_wconf 90' lang='lat' dir='ltr'><strong>de</strong></span> <span class='ocrx_word' id='word_1_243' title='bbox 1050 3929 1142 3981; x_wconf 66' lang='lat' dir='ltr'><strong>caelis*</strong></span> <span class='ocrx_word' id='word_1_244' title='bbox 1162 3934 1210 3983; x_wconf 86' lang='lat' dir='ltr'><strong>ete.</strong></span> 
     </span>
     <span class='ocr_line' id='line_1_33' title="bbox 160 4009 1007 4070; baseline -0.002 -13"><span class='ocrx_word' id='word_1_245' title='bbox 160 4019 171 4042; x_wconf 46' lang='lat' dir='ltr'><strong>b</strong></span> <span class='ocrx_word' id='word_1_246' title='bbox 190 4014 338 4070; x_wconf 75' lang='lat' dir='ltr'><strong>Knbpfler,</strong></span> <span class='ocrx_word' id='word_1_247' title='bbox 353 4013 471 4058; x_wconf 76' lang='lat' dir='ltr'><strong>Walafrldl</strong></span> <span class='ocrx_word' id='word_1_248' title='bbox 484 4014 554 4061; x_wconf 80' lang='lat' dir='ltr'><strong>Strab.</strong></span> <span class='ocrx_word' id='word_1_249' title='bbox 570 4009 625 4058; x_wconf 70' lang='lat' dir='ltr'><strong>liber</strong></span> <span class='ocrx_word' id='word_1_250' title='bbox 638 4021 665 4058; x_wconf 83' lang='lat' dir='ltr'><strong>da</strong></span> <span class='ocrx_word' id='word_1_251' title='bbox 679 4014 775 4060; x_wconf 75' lang='lat' dir='ltr'><strong>exordiis</strong></span> <span class='ocrx_word' id='word_1_252' title='bbox 789 4020 827 4056; x_wconf 85' lang='lat' dir='ltr'><strong>etc.</strong></span> <span class='ocrx_word' id='word_1_253' title='bbox 993 4019 1007 4066; x_wconf 74' lang='lat'>7</span> 
     </span>
    </p>
   </div>
   <div class='ocr_carea' id='block_1_9' title="bbox 0 0 1412 4552">
    <p class='ocr_par' dir='ltr' id='par_1_10' title="bbox 0 0 1412 4552">
     <span class='ocr_line' id='line_1_34' title="bbox 0 0 1412 4552; baseline 0 0"><span class='ocrx_word' id='word_1_254' title='bbox 0 0 1412 4552; x_wconf 95' lang='lat' dir='ltr'><strong> </strong></span> 
     </span>
    </p>
   </div>
  </div>
 </body>
</html>
