2768 4552
561 347 772 407 -93.-

29 556 36 568 .
132 531 226 591 quam
249 515 391 592 plurima.
435 513 482 574 Ex
505 514 563 574 hac
586 516 678 590 igitur
701 518 864 576 occasione
895 514 1054 578 inventurn
1078 525 1140 594 est,
1169 525 1204 578 ut

131 597 244 693 patrini
276 620 326 677 vel
361 618 511 676 matrinae
542 616 748 679 adhibeantur
779 621 956 695 suscepturi
985 622 1132 696 parvulos
1162 621 1201 678 de

131 721 258 795 lavacro
282 725 313 779 et
335 735 390 794 pro
407 720 452 779 eis
468 721 681 796 respondeant
696 723 807 794 omnia,
831 737 913 799 quae
934 724 994 798 ipsi
1017 738 1073 798 per
1090 724 1199 782 aetatis

130 823 338 883 infirmitatem
364 822 502 883 confiteri
526 841 587 884 non
609 830 751 899 possunt.
799 824 975 903 Parit-arque
997 825 1089 885 debet
1111 825 1202 899 spiri·

131 926 201 986 talis
235 932 321 1000 pater
351 926 402 984 vel
433 932 531 984 mater
567 926 608 996 ei,
644 941 736 1001 quem
771 928 809 985 de
840 929 923 987 sonte
954 927 1198 1002 regenerationis

131 1029 278 1103 suscepit,
303 1044 373 1088 cum
389 1028 428 1087 ad
450 1027 680 1102 intellegibilem
697 1015 873 1103 pervenerit
888 1036 1020 1090 aetatem
1043 1030 1201 1090 insinuare

132 1129 375 1202 contessionem,
394 1146 488 1207 quarn
512 1147 567 1206 pro
587 1146 624 1191 eo
649 1131 727 1202 lecit,
752 1139 784 1190 ut
808 1133 861 1208 qui
885 1134 983 1191 aliena
1007 1133 1201 1191 consessione

132 1234 213 1294 sicut
236 1234 411 1308 paraliticus
427 1231 487 1292 fide
508 1235 717 1308 portantiunr¹
739 1235 883 1294 meruita
904 1240 1105 1310 peccatorum
1122 1235 1201 1293 solvi

132 1338 297 1410 languore,
327 1336 451 1394 studeat
481 1336 573 1394 saluti
602 1337 769 1411 praestitae
799 1338 906 1397 vivere
935 1354 994 1396 non
1024 1337 1149 1410 indigne
1172 1344 1202 1395 et

132 1452 192 1499 sua
212 1439 341 1512 impleat
363 1439 578 1507 exsecutione,
609 1437 692 1514 quod
722 1438 844 1500 illorum
875 1439 1036 1500 consessus
1067 1444 1115 1498 est
1139 1454 1200 1510 ore,

133 1542 159 1600 si
188 1551 247 1600 non
275 1541 340 1598 vult
366 1541 541 1600 salvatione
570 1556 686 1610 carere,
720 1558 815 1616 quarn
843 1543 964 1602 illorum
994 1543 1103 1603 meruit
1129 1541 1200 1603 lide.

132 1643 199 1703 Non
222 1651 325 1702 autem
347 1642 438 1702 debet
461 1650 549 1718 pater
563 1644 614 1702 vel
637 1649 734 1703 mater
757 1645 795 1703 de
819 1645 904 1705 lonte
928 1661 1018 1707 suam
1041 1645 1200 1721 suscipere

133 1746 286 1818 sobolem,
310 1749 341 1802 ut
356 1744 396 1803 sit
411 1745 555 1805 discretio
572 1745 652 1805 inter
667 1747 835 1820 spiritalem
857 1749 1088 1820 generationem
1105 1754 1199 1823 atque

133 1848 306 1920 carnalem,
338 1847 421 1922 quod
453 1849 479 1906 si
508 1864 583 1908 casu
613 1850 761 1918 evenerit,
792 1865 853 1909 non
879 1850 1040 1909 habebunt
1067 1851 1200 1910 carnalis

132 1951 267 2026 copulae
290 1948 438 2026 deinceps
463 1950 500 2009 ad
524 1953 655 2010 invicem
680 1953 885 2021 consortium,
916 1954 1022 2027 quiin
1046 1953 1201 2011 communi

131 2053 193 2112 filio
219 2053 479 2127 compaternitatis
495 2054 811 2128 spiritalevinculum
837 2061 1050 2128 susceperunt.
1095 2053 1199 2128 Bapti-

131 2154 222 2216 zandi
245 2159 318 2214 sunt
338 2155 442 2230 itaque
466 2171 526 2214 non
550 2159 651 2216 solum
681 2172 737 2230 per
759 2163 892 2216 aetatem
916 2157 1080 2229 loquentes
1104 2160 1134 2213 et
1155 2155 1201 2214 in-

133 2258 314 2334 tellegentes
331 2273 411 2335 quae
428 2264 570 2332 aguntur,
594 2260 649 2318 sed
673 2260 763 2318 etiarn
787 2259 923 2317 nondum
946 2273 1002 2333 per
1018 2273 1052 2316 se
1075 2271 1130 2332 pro
1148 2265 1200 2316 se³

131 2361 303 2437 loquentes.
338 2360 424 2420 Sicut
440 2362 530 2420 etiam
548 2363 688 2438 synodus
705 2360 984 2435 carthaginiensis2
998 2358 1199 2433 baptizandos

132 2464 238 2522 statuit
253 2469 406 2537 aegrotos
429 2465 481 2538 qui
503 2464 563 2523 iam
587 2464 672 2538 loqui
693 2480 752 2524 non
777 2467 919 2539 possunt,
944 2478 1014 2521 curn
1030 2461 1200 2532 voluntatis
1258 2484 1262 2492 *

132 2578 238 2624 eorum
268 2566 473 2624 testimonium
504 2567 553 2625 sui
582 2565 715 2628 dixerint
745 2574 799 2626 aut
827 2566 887 2642 ipsi
917 2564 1073 2640 aliquibus
1101 2562 1200 2640 signis

133 2667 335 2743 comprobare
359 2670 521 2743 potuerint.
569 2669 696 2728 Mortuis
713 2685 788 2730 vero
814 2669 967 2742 baptisma
983 2668 1034 2728 vel
1056 2666 1201 2727 euchari·

133 2770 225 2829 stiam
258 2769 324 2830 dari
355 2772 523 2845 supradicti
557 2772 612 2832 loci
647 2771 827 2846 prohibetur
861 2773 991 2833 concilio
1002 2772 1022 2841 ³,
1055 2771 1200 2846 quamvis

134 2871 239 2948 primis
263 2874 503 2947 praedicationis
531 2877 731 2950 evangelicae
754 2875 946 2950 temporibus
969 2874 1044 2932 tanti
1066 2873 1198 2931 fervoris

132 2975 258 3049 quidam
282 2976 311 3034 in
335 2975 441 3035 divina
464 2976 646 3036 credulitate
669 2979 844 3038 reseruntur
866 2977 971 3048 luisse,
995 2981 1029 3034 ut
1051 2989 1105 3049 pro
1129 2975 1199 3047 qui-

133 3077 264 3137 busdam
295 3078 465 3139 carissimis
497 3086 567 3137 ante
595 3079 859 3140 adnuntiationem
881 3078 1021 3138 veritatis
1043 3076 1094 3134 vel
1123 3075 1199 3150 bap-

133 3180 215 3240 tismi
252 3181 480 3254 perceptionem
518 3180 672 3242 defunctis
711 3181 860 3257 baptizari
898 3180 1071 3247 studerent,
1114 3178 1197 3253 quod

200 3379 268 3443 aee,
285 3396 330 3446 per
347 3398 374 3432 se
392 3380 434 3432 vel
451 3397 497 3447 pro
514 3396 549 3432 se.

646 3504 1200 3516 ——-.--—-——-———·

139 3610 142 3615 ,
205 3569 293 3622 lLuc.
312 3570 343 3633 V,
365 3573 395 3624 18
405 3586 460 3636 sqq.
480 3601 511 3609 -
533 3571 613 3622 ²lmo
636 3571 804 3638 hipponensis
825 3585 892 3620 anno
910 3571 959 3622 393
977 3567 1068 3620 celebr.
1087 3582 1141 3618 can.
1159 3568 1199 3630 32,

132 3671 179 3706 ser.
193 3670 243 3706 sec.
261 3655 466 3717 utensilitate.
485 3686 516 3694 -
536 3659 548 3696 ⁸
565 3656 662 3708 Eadem
674 3656 789 3725 synodus
807 3654 914 3719 hippon.
926 3669 947 3706 c.
959 3654 984 3714 4,
1003 3654 1080 3704 series
1096 3652 1201 3703 secund.

133 3739 215 3791 Mansi
232 3740 271 3803 Ill,
290 3743 351 3793 919:
377 3747 420 3804 „ut
438 3742 588 3808 corporibus
610 3742 787 3793 defunctorum
806 3738 969 3790 Eucharistia
985 3754 1037 3789 non
1054 3737 1127 3788 detur
1145 3773 1152 3787 .
1169 3772 1201 3789 ..

133 3826 229 3877 Deinde
247 3826 391 3877 cavendum
409 3833 455 3889 est,
479 3844 511 3879 ne
528 3831 642 3878 mortuos
659 3828 735 3877 etiam
759 3825 883 3889 baptizari
905 3839 980 3889 posse
1003 3823 1109 3875 fratrum
1128 3822 1199 3873 infir-

134 3913 207 3963 mitas
225 3911 334 3962 creda¹.“
