2768 4552
582 374 794 433 ,65-

154 549 186 602 et
209 545 344 605 societas
368 542 531 617 flagitatur,
554 543 676 604 duobus
699 545 726 602 in
751 544 826 603 locis
856 543 959 617 posita
981 541 1223 617 repperiuntur.¹

155 646 223 734 Non
246 647 327 706 enim
349 660 457 704 verum
482 651 543 718 est,
567 645 801 720 quodquidam
830 644 946 713 dicunt,
976 644 1046 703 ideo
1073 644 1152 705 duos
1176 662 1223 706 or·

155 750 245 809 dines
277 749 431 807 nominum
464 747 504 807 ibi
532 748 643 817 laotos
674 749 749 821 quia
781 748 933 821 posterius
965 747 1058 822 positi
1088 747 1223 806 nondum

155 852 295 910 coronati
325 851 464 918 fuissent,
495 866 563 909 cum
593 852 712 924 priores
742 851 771 909 in
803 851 854 909 illo
880 864 999 908 canone
1028 857 1224 923 ponerentur,

155 968 225 1012 cum
243 953 379 1012 sciamus
402 952 549 1010 Ioannem
567 952 738 1027 Baptistam
762 952 839 1026 ipsis
855 952 1006 1026 apostulis
1023 968 1083 1010 non
1106 958 1223 1012 tantum

94 1096 103 1112 .
154 1070 260 1129 parem
281 1061 434 1133 tempore,
458 1070 565 1113 verum
587 1059 617 1113 et
639 1055 782 1129 priorem,
806 1051 1000 1126 Stephanum
1020 1070 1096 1114 vero
1117 1070 1223 1130 parem

156 1164 187 1216 et
212 1164 379 1233 utrumque
407 1163 478 1217 ante
509 1157 670 1231 apostolos
695 1165 892 1228 coronatum3
923 1161 1066 1215 caeteros
1090 1173 1226 1232 quoque,

155 1260 260 1334 quiin
285 1260 429 1335 sequenti
452 1253 560 1318 ordine
583 1263 792 1325 numerantur,
816 1258 935 1316 eisdem
958 1258 1056 1316 luisse
1081 1259 1230 1333 tempori-⁴

155 1360 225 1436 bus,
258 1361 371 1435 quibus
402 1361 486 1419 luere
520 1361 571 1434 qui
603 1360 689 1435 prius
722 1365 796 1418 sunt
825 1360 927 1432 positi.
974 1360 1062 1419 Unde
1093 1366 1226 1433 constat,

156 1469 327 1538 sequentes
352 1464 505 1522 ecelesiae
521 1462 664 1521 doctores
688 1462 821 1536 antiquis
846 1468 967 1536 patrum
986 1463 1122 1534 statutis,
1146 1478 1227 1539 quae

156 1580 296 1640 congrua
317 1566 387 1624 visa
409 1573 495 1636 sunt,
525 1565 701 1634 addidisse,
731 1570 766 1622 ut
788 1565 869 1622 sicut
892 1565 1105 1639 religiosorum
1137 1572 1229 1624 aucta

157 1672 206 1726 est
223 1668 393 1740 multitudo,
416 1667 505 1726 itaet
527 1667 687 1740 religionis
703 1680 879 1725 crescerent
900 1667 1049 1726 instituta.
1096 1667 1228 1726 Primam

156 1785 231 1829 vero
256 1776 374 1844 partem
396 1769 527 1827 canonis
550 1769 697 1842 praedicti
712 1783 760 1826 ex
782 1783 819 1826 eo
837 1768 886 1827 vel
911 1768 1044 1827 maxime
1068 1770 1228 1843 antiquam

157 1885 229 1930 esse
253 1871 480 1943 cognoscimus
513 1872 585 1946 quia
616 1872 646 1929 in
670 1879 725 1930 eaa
748 1869 823 1928 ordo
853 1871 1064 1943 apostolorum
1097 1886 1158 1930 non
1187 1873 1229 1930 ita

157 1977 207 2032 est
229 1972 362 2046 positus,
394 1973 472 2031 sicut
502 1973 531 2031 in
557 1956 823 2031 emendatioribus
855 1973 1027 2045 evangeliis
1057 1973 1228 2046 invenitur3

90 2109 91 2113 =
158 2075 245 2150 quod
268 2075 340 2133 ideo
364 2074 500 2134 fortasse
523 2076 640 2147 evenit,
668 2076 740 2150 quia
766 2061 839 2149 pars
868 2075 919 2132 illa
947 2074 1032 2148 prius
1056 2075 1229 2149 composita

158 2184 208 2237 est
231 2192 324 2252 quam
345 2177 506 2251 evangelia
529 2175 567 2234 ad
591 2192 660 2235 eam
676 2172 866 2246 veritatemi,
890 2191 970 2250 quae
993 2191 1074 2234 nunc
1097 2175 1229 2235 habetur

158 2279 241 2354 apud
264 2279 402 2351 Latinos,
427 2280 664 2354 corrigerentur.
708 2281 740 2338 In
766 2278 919 2354 prioribus
938 2279 1016 2336 enim
1034 2278 1229 2350 editionibus

158 2389 192 2441 ut
208 2383 405 2441 Hieronimus
428 2383 516 2442 testis
531 2388 588 2453 est,
613 2398 674 2441 non
694 2381 795 2441 solum
812 2381 1072 2456 evangelistarum
1091 2387 1229 2440 mutatus

160 2485 247 2560 ordo,
279 2484 335 2542 sed
366 2485 456 2543 etiam
486 2484 653 2545 verborum
685 2489 715 2542 et
745 2484 966 2542 sententiarum
1000 2490 1069 2543 erat
1100 2484 1231 2543 contusa

160 2587 350 2646 commixtio.
401 2588 586 2659 Alexander,
610 2589 760 2663 septimus
778 2601 860 2662 papa
878 2586 909 2644 in
926 2601 1054 2645 numero
1064 2587 1084 2657 2,
1108 2587 1232 2647 miscuit

229 2753 241 2780 ³
259 2753 298 2803 M1
317 2758 341 2803 et
359 2769 397 2815 oe,
415 2769 453 2804 eo.
472 2783 505 2790 -
524 2745 536 2779 ¹³
555 2769 576 2813 c,
595 2755 723 2804 virtutem.

234 2906 372 2956 ¹Primam
400 2907 491 2955 seriem
519 2912 665 2957 sanctorum
691 2909 782 2957 canoni
809 2909 901 2958 missae
924 2909 1042 2958 insertam
1066 2909 1181 2958 invenies
1205 2910 1231 2959 in

160 2993 284 3051 oratione,
302 3007 368 3056 quae
386 2991 477 3040 dicitur
498 2992 578 3051 „inira
601 2994 741 3042 actionem“
761 2991 1001 3060 (communicantes)
1023 2998 1046 3042 et
1067 2991 1171 3042 exhibet
1188 2992 1233 3043 illa

161 3077 226 3128 haec
248 3078 366 3127 nomina:
391 3093 411 3127 s.
431 3077 535 3126 Mariam
555 3077 705 3141 Virginem,
728 3078 864 3128 duodecim
888 3078 1015 3143 apostolos
1036 3093 1094 3128 curn
1118 3078 1232 3141 apostolo

162 3160 243 3212 Paulo
267 3163 363 3210 omisso
388 3161 492 3210 Matthia
514 3167 539 3211 et
561 3161 698 3212 duodecim
723 3167 860 3228 martyres,
887 3164 951 3212 inter
977 3178 1042 3226 quos
1068 3163 1234 3213 inveniuntur

161 3248 277 3312 quinque
289 3247 421 3310 pontifices
434 3247 542 3297 romani.
573 3245 640 3296 Ordo
653 3248 827 3312 apostolorum
840 3248 867 3298 in
880 3262 976 3297 canone
988 3246 1064 3311 plane
1076 3247 1142 3298 alius
1155 3252 1192 3297 est
1204 3263 1233 3298 ac

162 3334 311 3383 invenimus
329 3348 388 3382 eum
408 3332 434 3380 in
451 3346 522 3380 sacra
534 3332 665 3395 scriptura,
684 3332 728 3382 ubi
740 3332 784 3382 ille
797 3338 885 3397 quater
897 3331 1042 3381 exhibetur:
1063 3330 1149 3381 Matth.
1161 3331 1191 3394 X,
1204 3331 1232 3392 2';

106 3414 110 3422 '
165 3417 241 3467 Marc.
259 3416 297 3479 ΙΙΙ,
319 3418 360 3476 16;
380 3415 441 3468 Luc.
459 3416 502 3478 Vl,
524 3419 566 3477 14;
587 3420 643 3479 Act.
660 3417 677 3478 l,
698 3419 740 3478 13;
763 3419 875 3466 maxime
893 3417 1001 3481 quadrat
1019 3419 1097 3468 series
1114 3433 1153 3481 ap.
1173 3417 1234 3468 Luc.

162 3501 286 3563 exhibita,
309 3502 353 3552 ubi
375 3503 480 3552 nomina
504 3501 620 3552 Thomae
644 3507 668 3551 et
686 3502 769 3553 iacobi
791 3507 889 3551 tantum
912 3503 1080 3551 invertuntur.
1111 3499 1236 3551 Secunda

107 3631 117 3648 ,
163 3589 242 3638 series
254 3593 312 3652 post
324 3587 651 3651 commemorationempro
664 3587 789 3637 defunctis
801 3585 907 3652 (,‚Nobis
920 3600 1022 3650 quoque
1033 3585 1236 3653 peccatoribus“)

163 3673 275 3724 continet
302 3673 448 3737 quindecim
476 3673 582 3722 nomina
608 3677 762 3723 sanctorum.
807 3671 856 3722 Cir.
880 3672 914 3722 De
941 3671 982 3721 his
1005 3671 1109 3731 sanctia,
1137 3671 1181 3734 qui
1208 3670 1234 3720 in

165 3773 263 3808 canone
282 3759 376 3808 missae
394 3764 635 3818 commemorantur,
653 3759 750 3817 Helela,
768 3759 884 3821 Beilr'age
902 3774 946 3807 zur
964 3755 1235 3819 Kirchengeschichte,

167 3843 341 3907 Archtiologie
359 3844 412 3893 und
434 3844 552 3908 Liturgik
571 3844 599 3904 ll,
617 3860 641 3908 p.
661 3846 718 3895 276.
736 3871 769 3880 -
790 3846 800 3880 ²
818 3842 967 3894 Alexander
989 3846 1041 3891 erat
1059 3846 1145 3891 sextus
1169 3854 1236 3904 papa

165 3934 190 3980 et
208 3927 395 3978 administravit
413 3930 588 3993 pontificatum
607 3942 626 3978 c.
648 3930 787 3980 105-115.

218 4009 368 4065 Kndpflcr,
381 4009 497 4053 Walalridi
511 4010 584 4053 Strob.
597 4011 652 4053 liber
666 4011 693 4051 de
707 4010 804 4052 exordiis
818 4015 857 4052 etc.
1017 4015 1030 4062 5
