<?xml version="1.0" encoding="UTF-8"?>
<!DOCTYPE html PUBLIC "-//W3C//DTD XHTML 1.0 Transitional//EN"
    "http://www.w3.org/TR/xhtml1/DTD/xhtml1-transitional.dtd">
<html xmlns="http://www.w3.org/1999/xhtml" xml:lang="en" lang="en">
 <head>
  <title>
</title>
<meta http-equiv="Content-Type" content="text/html;charset=utf-8" />
  <meta name='ocr-system' content='tesseract 3.04.00' />
  <meta name='ocr-capabilities' content='ocr_page ocr_carea ocr_par ocr_line ocrx_word'/>
</head>
<body>
  <div class='ocr_page' id='page_1' title='image "./liberdeexordiis00walagoog/liberdeexordiis00walagoog_0068.png"; bbox 0 0 2768 4552; ppageno 0'>
   <div class='ocr_carea' id='block_1_1' title="bbox 582 345 791 405">
    <p class='ocr_par' dir='ltr' id='par_1_1' title="bbox 582 345 791 405">
     <span class='ocr_line' id='line_1_1' title="bbox 582 345 791 405; baseline -0.01 -17"><span class='ocrx_word' id='word_1_1' title='bbox 582 345 791 405; x_wconf 64' lang='lat'><em>„45-</em></span> 
     </span>
    </p>
   </div>
   <div class='ocr_carea' id='block_1_2' title="bbox 119 514 1228 3347">
    <p class='ocr_par' dir='ltr' id='par_1_2' title="bbox 119 514 1228 3347">
     <span class='ocr_line' id='line_1_2' title="bbox 154 514 1220 600; baseline 0 -26"><span class='ocrx_word' id='word_1_2' title='bbox 154 517 431 588; x_wconf 87' lang='lat' dir='ltr'><em>communicabant,</em></span> <span class='ocrx_word' id='word_1_3' title='bbox 454 522 487 574; x_wconf 92' lang='lat' dir='ltr'><em>ut</em></span> <span class='ocrx_word' id='word_1_4' title='bbox 510 521 641 574; x_wconf 89' lang='lat' dir='ltr'><em>testatur</em></span> <span class='ocrx_word' id='word_1_5' title='bbox 665 514 810 600; x_wconf 73' lang='lat' dir='ltr'><strong>Socrates</strong></span> <span class='ocrx_word' id='word_1_6' title='bbox 834 515 864 573; x_wconf 91' lang='lat' dir='ltr'><em>in</em></span> <span class='ocrx_word' id='word_1_7' title='bbox 888 514 1017 574; x_wconf 88' lang='lat' dir='ltr'><em>historia</em></span> <span class='ocrx_word' id='word_1_8' title='bbox 1040 530 1098 574; x_wconf 89' lang='lat' dir='ltr'><em>sua</em></span> <span class='ocrx_word' id='word_1_9' title='bbox 1121 517 1220 575; x_wconf 88' lang='lat' dir='ltr'><em>ecele-</em></span> 
     </span>
     <span class='ocr_line' id='line_1_3' title="bbox 155 606 1220 688; baseline -0.001 -12"><span class='ocrx_word' id='word_1_10' title='bbox 155 619 291 688; x_wconf 89' lang='lat' dir='ltr'><em>siastica,</em></span> <span class='ocrx_word' id='word_1_11' title='bbox 316 619 368 678; x_wconf 90' lang='lat' dir='ltr'><em>ubi</em></span> <span class='ocrx_word' id='word_1_12' title='bbox 386 619 425 677; x_wconf 92' lang='lat' dir='ltr'><em>de</em></span> <span class='ocrx_word' id='word_1_13' title='bbox 442 618 576 678; x_wconf 88' lang='lat' dir='ltr'><em>diversis</em></span> <span class='ocrx_word' id='word_1_14' title='bbox 592 620 793 677; x_wconf 89' lang='lat' dir='ltr'><em>ecclesiarum</em></span> <span class='ocrx_word' id='word_1_15' title='bbox 810 616 1088 678; x_wconf 88' lang='lat' dir='ltr'><em>consuetudinibus</em></span> <span class='ocrx_word' id='word_1_16' title='bbox 1106 606 1220 675; x_wconf 82' lang='lat' dir='ltr'><em>iaciens</em></span> 
     </span>
     <span class='ocr_line' id='line_1_4' title="bbox 154 717 1220 797; baseline 0 -21"><span class='ocrx_word' id='word_1_17' title='bbox 154 720 339 779; x_wconf 79' lang='lat' dir='ltr'>mentionem</span> <span class='ocrx_word' id='word_1_18' title='bbox 357 729 428 797; x_wconf 90' lang='lat' dir='ltr'><em>post</em></span> <span class='ocrx_word' id='word_1_19' title='bbox 444 723 556 780; x_wconf 87' lang='lat' dir='ltr'><em>multas</em></span> <span class='ocrx_word' id='word_1_20' title='bbox 567 717 753 780; x_wconf 85' lang='lat' dir='ltr'><em>ieiuniorum</em></span> <span class='ocrx_word' id='word_1_21' title='bbox 768 726 798 778; x_wconf 84' lang='lat' dir='ltr'><em>et</em></span> <span class='ocrx_word' id='word_1_22' title='bbox 811 719 1039 779; x_wconf 79' lang='lat' dir='ltr'><strong>solemnitatum</strong></span> <span class='ocrx_word' id='word_1_23' title='bbox 1052 720 1220 778; x_wconf 85' lang='lat' dir='ltr'><em>varietates</em></span> 
     </span>
     <span class='ocr_line' id='line_1_5' title="bbox 154 820 1221 898; baseline 0.001 -21"><span class='ocrx_word' id='word_1_24' title='bbox 154 820 233 880; x_wconf 89' lang='lat' dir='ltr'><em>haec</em></span> <span class='ocrx_word' id='word_1_25' title='bbox 268 823 347 882; x_wconf 89' lang='lat' dir='ltr'><em>iuter</em></span> <span class='ocrx_word' id='word_1_26' title='bbox 381 830 483 882; x_wconf 90' lang='lat' dir='ltr'><em>cetera</em></span> <span class='ocrx_word' id='word_1_27' title='bbox 518 823 617 898; x_wconf 89' lang='lat' dir='ltr'><em>ponit:</em></span> <span class='ocrx_word' id='word_1_28' title='bbox 648 823 730 895; x_wconf 80' lang='lat' dir='ltr'><em>„Sed</em></span> <span class='ocrx_word' id='word_1_29' title='bbox 764 826 856 880; x_wconf 91' lang='lat' dir='ltr'><em>etiam</em></span> <span class='ocrx_word' id='word_1_30' title='bbox 890 822 979 880; x_wconf 87' lang='lat' dir='ltr'><em>circa</em></span> <span class='ocrx_word' id='word_1_31' title='bbox 1009 823 1221 882; x_wconf 79' lang='lat' dir='ltr'><em>celebritatem</em></span> 
     </span>
     <span class='ocr_line' id='line_1_6' title="bbox 155 921 1222 999; baseline -0.003 -17"><span class='ocrx_word' id='word_1_32' title='bbox 155 925 360 983; x_wconf 85' lang='lat' dir='ltr'><em>collectarum</em></span> <span class='ocrx_word' id='word_1_33' title='bbox 388 925 540 999; x_wconf 81' lang='lat' dir='ltr'><em>quaedam</em></span> <span class='ocrx_word' id='word_1_34' title='bbox 570 926 732 984; x_wconf 84' lang='lat' dir='ltr'><em>diuersitas</em></span> <span class='ocrx_word' id='word_1_35' title='bbox 761 925 923 982; x_wconf 88' lang='lat' dir='ltr'><em>inuenitur.</em></span> <span class='ocrx_word' id='word_1_36' title='bbox 970 921 1047 980; x_wconf 89' lang='lat' dir='ltr'><em>Nam</em></span> <span class='ocrx_word' id='word_1_37' title='bbox 1071 923 1141 980; x_wconf 78' lang='lat' dir='ltr'><em>darm</em></span> <span class='ocrx_word' id='word_1_38' title='bbox 1162 939 1222 997; x_wconf 90' lang='lat' dir='ltr'><em>per</em></span> 
     </span>
     <span class='ocr_line' id='line_1_7' title="bbox 155 1025 1222 1101; baseline -0.002 -17"><span class='ocrx_word' id='word_1_39' title='bbox 155 1028 304 1087; x_wconf 86' lang='lat' dir='ltr'><em>ecclesias</em></span> <span class='ocrx_word' id='word_1_40' title='bbox 334 1030 365 1085; x_wconf 87' lang='lat' dir='ltr'><em>in</em></span> <span class='ocrx_word' id='word_1_41' title='bbox 393 1028 536 1086; x_wconf 88' lang='lat' dir='ltr'><em>uniuerso</em></span> <span class='ocrx_word' id='word_1_42' title='bbox 570 1032 727 1085; x_wconf 88' lang='lat' dir='ltr'><em>terrarum</em></span> <span class='ocrx_word' id='word_1_43' title='bbox 757 1028 831 1087; x_wconf 88' lang='lat' dir='ltr'><em>orbe</em></span> <span class='ocrx_word' id='word_1_44' title='bbox 861 1028 1057 1101; x_wconf 72' lang='lat' dir='ltr'><em>constitutae,</em></span> <span class='ocrx_word' id='word_1_45' title='bbox 1081 1025 1130 1084; x_wconf 93' lang='lat' dir='ltr'><em>die</em></span> <span class='ocrx_word' id='word_1_46' title='bbox 1152 1026 1222 1083; x_wconf 86' lang='lat' dir='ltr'><em>sab·</em></span> 
     </span>
     <span class='ocr_line' id='line_1_8' title="bbox 154 1127 1220 1204; baseline -0.001 -19"><span class='ocrx_word' id='word_1_47' title='bbox 154 1127 296 1187; x_wconf 89' lang='lat' dir='ltr'><em>batorum</em></span> <span class='ocrx_word' id='word_1_48' title='bbox 325 1144 387 1204; x_wconf 87' lang='lat' dir='ltr'><em>per</em></span> <span class='ocrx_word' id='word_1_49' title='bbox 419 1130 559 1202; x_wconf 79' lang='lat' dir='ltr'><em>sinpulas</em></span> <span class='ocrx_word' id='word_1_50' title='bbox 593 1130 780 1188; x_wconf 80' lang='lat' dir='ltr'><em>ebdomadas</em></span> <span class='ocrx_word' id='word_1_51' title='bbox 816 1128 976 1197; x_wconf 72' lang='lat' dir='ltr'><em>sacrificia</em></span> <span class='ocrx_word' id='word_1_52' title='bbox 1014 1129 1220 1200; x_wconf 83' lang='lat' dir='ltr'><em>celebrentur,</em></span> 
     </span>
     <span class='ocr_line' id='line_1_9' title="bbox 155 1229 1222 1306; baseline 0.001 -20"><span class='ocrx_word' id='word_1_53' title='bbox 155 1229 214 1289; x_wconf 86' lang='lat' dir='ltr'><em>boc</em></span> <span class='ocrx_word' id='word_1_54' title='bbox 237 1232 268 1288; x_wconf 88' lang='lat' dir='ltr'><em>in</em></span> <span class='ocrx_word' id='word_1_55' title='bbox 288 1229 485 1289; x_wconf 78' lang='lat' dir='ltr'><em>Alexandria</em></span> <span class='ocrx_word' id='word_1_56' title='bbox 508 1235 538 1288; x_wconf 88' lang='lat' dir='ltr'><em>et</em></span> <span class='ocrx_word' id='word_1_57' title='bbox 560 1230 660 1290; x_wconf 81' lang='lat' dir='ltr'><em>Roma</em></span> <span class='ocrx_word' id='word_1_58' title='bbox 684 1231 836 1306; x_wconf 70' lang='lat' dir='ltr'><em>quadam³</em></span> <span class='ocrx_word' id='word_1_59' title='bbox 852 1231 964 1304; x_wconf 90' lang='lat' dir='ltr'><em>prisca</em></span> <span class='ocrx_word' id='word_1_60' title='bbox 981 1231 1147 1288; x_wconf 75' lang='lat' dir='ltr'><em>traditione</em></span> <span class='ocrx_word' id='word_1_61' title='bbox 1161 1246 1222 1288; x_wconf 93' lang='lat' dir='ltr'><em>non</em></span> 
     </span>
     <span class='ocr_line' id='line_1_10' title="bbox 151 1330 1223 1407; baseline 0 -17"><span class='ocrx_word' id='word_1_62' title='bbox 151 1333 285 1405; x_wconf 83' lang='lat' dir='ltr'><em>faciunt.</em></span> <span class='ocrx_word' id='word_1_63' title='bbox 333 1330 479 1406; x_wconf 77' lang='lat' dir='ltr'><em>Aepyptii</em></span> <span class='ocrx_word' id='word_1_64' title='bbox 507 1349 595 1407; x_wconf 90' lang='lat' dir='ltr'><em>uero,</em></span> <span class='ocrx_word' id='word_1_65' title='bbox 625 1334 839 1391; x_wconf 71' lang='lat' dir='ltr'><em>Alexandriae</em></span> <span class='ocrx_word' id='word_1_66' title='bbox 873 1332 966 1390; x_wconf 86' lang='lat' dir='ltr'><em>nicini</em></span> <span class='ocrx_word' id='word_1_67' title='bbox 1001 1338 1030 1389; x_wconf 91' lang='lat' dir='ltr'><em>et</em></span> <span class='ocrx_word' id='word_1_68' title='bbox 1062 1331 1223 1391; x_wconf 75' lang='lat' dir='ltr'><em>Thebaidis</em></span> 
     </span>
     <span class='ocr_line' id='line_1_11' title="bbox 154 1433 1224 1510; baseline 0.001 -20"><span class='ocrx_word' id='word_1_69' title='bbox 154 1433 354 1503; x_wconf 77' lang='lat' dir='ltr'><em>habitatores,</em></span> <span class='ocrx_word' id='word_1_70' title='bbox 376 1436 504 1493; x_wconf 85' lang='lat' dir='ltr'><em>sabbato</em></span> <span class='ocrx_word' id='word_1_71' title='bbox 522 1437 645 1509; x_wconf 80' lang='lat' dir='ltr'><em>quidem</em></span> <span class='ocrx_word' id='word_1_72' title='bbox 669 1436 820 1494; x_wconf 85' lang='lat' dir='ltr'><em>collectas</em></span> <span class='ocrx_word' id='word_1_73' title='bbox 843 1441 950 1505; x_wconf 74' lang='lat' dir='ltr'><em>aptent,</em></span> <span class='ocrx_word' id='word_1_74' title='bbox 972 1435 1028 1491; x_wconf 86' lang='lat' dir='ltr'><em>sed</em></span> <span class='ocrx_word' id='word_1_75' title='bbox 1048 1452 1118 1510; x_wconf 80' lang='lat' dir='ltr'><em>nora,</em></span> <span class='ocrx_word' id='word_1_76' title='bbox 1142 1437 1224 1492; x_wconf 87' lang='lat' dir='ltr'><em>sicut</em></span> 
     </span>
     <span class='ocr_line' id='line_1_12' title="bbox 155 1537 1224 1612; baseline -0.001 -19"><span class='ocrx_word' id='word_1_77' title='bbox 155 1538 249 1595; x_wconf 88' lang='lat' dir='ltr'><em>moris</em></span> <span class='ocrx_word' id='word_1_78' title='bbox 271 1537 340 1612; x_wconf 85' lang='lat' dir='ltr'><em>est¹,</em></span> <span class='ocrx_word' id='word_1_79' title='bbox 366 1543 567 1596; x_wconf 88' lang='lat' dir='ltr'><em>sacramenta</em></span> <span class='ocrx_word' id='word_1_80' title='bbox 591 1539 788 1612; x_wconf 61' lang='lat' dir='ltr'><em>percipiebam</em></span> <span class='ocrx_word' id='word_1_81' title='bbox 818 1552 889 1594; x_wconf 80' lang='lat' dir='ltr'><em>riam</em></span> <span class='ocrx_word' id='word_1_82' title='bbox 913 1544 1077 1612; x_wconf 80' lang='lat' dir='ltr'><em>postquam</em></span> <span class='ocrx_word' id='word_1_83' title='bbox 1101 1538 1224 1611; x_wconf 87' lang='lat' dir='ltr'><em>fuerint</em></span> 
     </span>
     <span class='ocr_line' id='line_1_13' title="bbox 155 1639 1224 1712; baseline -0.002 -15"><span class='ocrx_word' id='word_1_84' title='bbox 155 1639 274 1711; x_wconf 86' lang='lat' dir='ltr'><em>epulati</em></span> <span class='ocrx_word' id='word_1_85' title='bbox 295 1644 324 1696; x_wconf 92' lang='lat' dir='ltr'><em>et</em></span> <span class='ocrx_word' id='word_1_86' title='bbox 343 1640 418 1697; x_wconf 89' lang='lat' dir='ltr'><em>cibis</em></span> <span class='ocrx_word' id='word_1_87' title='bbox 433 1641 569 1698; x_wconf 89' lang='lat' dir='ltr'><em>omnibus</em></span> <span class='ocrx_word' id='word_1_88' title='bbox 583 1639 756 1712; x_wconf 33' lang='lat' dir='ltr'><em>*adimpleti</em></span> <span class='ocrx_word' id='word_1_89' title='bbox 782 1639 871 1696; x_wconf 89' lang='lat' dir='ltr'><em>circa</em></span> <span class='ocrx_word' id='word_1_90' title='bbox 892 1655 1052 1712; x_wconf 86' lang='lat' dir='ltr'><em>uesperam</em></span> <span class='ocrx_word' id='word_1_91' title='bbox 1068 1639 1224 1697; x_wconf 88' lang='lat' dir='ltr'><em>oblatione</em></span> 
     </span>
     <span class='ocr_line' id='line_1_14' title="bbox 151 1739 1223 1815; baseline 0 -18"><span class='ocrx_word' id='word_1_92' title='bbox 151 1740 245 1812; x_wconf 87' lang='lat' dir='ltr'><em>sacta</em></span> <span class='ocrx_word' id='word_1_93' title='bbox 269 1741 552 1814; x_wconf 75' lang='lat' dir='ltr'><em>commzrntcant“²;</em></span> <span class='ocrx_word' id='word_1_94' title='bbox 575 1748 605 1798; x_wconf 92' lang='lat' dir='ltr'><em>et</em></span> <span class='ocrx_word' id='word_1_95' title='bbox 625 1742 718 1815; x_wconf 87' lang='lat' dir='ltr'><em>paulo</em></span> <span class='ocrx_word' id='word_1_96' title='bbox 736 1740 877 1798; x_wconf 82' lang='lat' dir='ltr'><em>interius:</em></span> <span class='ocrx_word' id='word_1_97' title='bbox 900 1740 952 1812; x_wconf 88' lang='lat' dir='ltr'><em>„In</em></span> <span class='ocrx_word' id='word_1_98' title='bbox 970 1739 1135 1801; x_wconf 79' lang='lat' dir='ltr'><em>Antiocbia</em></span> <span class='ocrx_word' id='word_1_99' title='bbox 1151 1756 1223 1798; x_wconf 89' lang='lat' dir='ltr'><em>uero</em></span> 
     </span>
     <span class='ocr_line' id='line_1_15' title="bbox 157 1839 1225 1914; baseline 0.001 -16"><span class='ocrx_word' id='word_1_100' title='bbox 157 1839 270 1913; x_wconf 78' lang='lat' dir='ltr'><em>Syriae</em></span> <span class='ocrx_word' id='word_1_101' title='bbox 297 1843 400 1900; x_wconf 87' lang='lat' dir='ltr'><em>altare</em></span> <span class='ocrx_word' id='word_1_102' title='bbox 430 1859 490 1901; x_wconf 90' lang='lat' dir='ltr'><em>non</em></span> <span class='ocrx_word' id='word_1_103' title='bbox 519 1845 562 1902; x_wconf 90' lang='lat' dir='ltr'><em>ad</em></span> <span class='ocrx_word' id='word_1_104' title='bbox 589 1845 737 1901; x_wconf 87' lang='lat' dir='ltr'><em>orientem</em></span> <span class='ocrx_word' id='word_1_105' title='bbox 765 1843 934 1914; x_wconf 87' lang='lat' dir='ltr'><em>ecclesiae,</em></span> <span class='ocrx_word' id='word_1_106' title='bbox 969 1843 1025 1899; x_wconf 88' lang='lat' dir='ltr'><em>sed</em></span> <span class='ocrx_word' id='word_1_107' title='bbox 1057 1844 1156 1914; x_wconf 78' lang='lat' dir='ltr'><em>mapis</em></span> <span class='ocrx_word' id='word_1_108' title='bbox 1184 1842 1225 1899; x_wconf 88' lang='lat' dir='ltr'><em>ad</em></span> 
     </span>
     <span class='ocr_line' id='line_1_16' title="bbox 156 1938 1223 2018; baseline 0 -19"><span class='ocrx_word' id='word_1_109' title='bbox 156 1943 344 2000; x_wconf 88' lang='lat' dir='ltr'><em>occidentem</em></span> <span class='ocrx_word' id='word_1_110' title='bbox 378 1943 547 2018; x_wconf 79' lang='lat' dir='ltr'><em>babent“3,</em></span> <span class='ocrx_word' id='word_1_111' title='bbox 589 1945 628 2002; x_wconf 93' lang='lat' dir='ltr'><em>de</em></span> <span class='ocrx_word' id='word_1_112' title='bbox 663 1960 726 2018; x_wconf 93' lang='lat' dir='ltr'><em>qua</em></span> <span class='ocrx_word' id='word_1_113' title='bbox 760 1960 791 2001; x_wconf 92' lang='lat' dir='ltr'><em>re</em></span> <span class='ocrx_word' id='word_1_114' title='bbox 831 1944 923 2002; x_wconf 87' lang='lat' dir='ltr'><em>etiam</em></span> <span class='ocrx_word' id='word_1_115' title='bbox 958 1959 1014 2001; x_wconf 90' lang='lat' dir='ltr'><em>nos</em></span> <span class='ocrx_word' id='word_1_116' title='bbox 1048 1938 1223 2018; x_wconf 72' lang='lat' dir='ltr'><em>quaedantl</em></span> 
     </span>
     <span class='ocr_line' id='line_1_17' title="bbox 119 2034 1222 2120; baseline 0.001 -19"><span class='ocrx_word' id='word_1_117' title='bbox 119 2096 122 2101; x_wconf 83' lang='lat'><em>.</em></span> <span class='ocrx_word' id='word_1_118' title='bbox 155 2034 557 2119; x_wconf 70' lang='lat' dir='ltr'><em>superiusdisseruimus.4</em></span> <span class='ocrx_word' id='word_1_119' title='bbox 602 2045 640 2104; x_wconf 88' lang='lat' dir='ltr'><em>Et</em></span> <span class='ocrx_word' id='word_1_120' title='bbox 664 2044 723 2104; x_wconf 86' lang='lat' dir='ltr'><em>hoc</em></span> <span class='ocrx_word' id='word_1_121' title='bbox 747 2046 886 2120; x_wconf 88' lang='lat' dir='ltr'><em>quidem,</em></span> <span class='ocrx_word' id='word_1_122' title='bbox 912 2046 997 2120; x_wconf 90' lang='lat' dir='ltr'><em>quod</em></span> <span class='ocrx_word' id='word_1_123' title='bbox 1022 2045 1067 2102; x_wconf 80' lang='lat' dir='ltr'><em>inc</em></span> <span class='ocrx_word' id='word_1_124' title='bbox 1091 2044 1222 2117; x_wconf 87' lang='lat' dir='ltr'><em>singulis</em></span> 
     </span>
     <span class='ocr_line' id='line_1_18' title="bbox 155 2143 1223 2223; baseline -0.002 -19"><span class='ocrx_word' id='word_1_125' title='bbox 155 2146 297 2206; x_wconf 81' lang='lat' dir='ltr'><em>sabbatis</em></span> <span class='ocrx_word' id='word_1_126' title='bbox 328 2145 378 2205; x_wconf 90' lang='lat' dir='ltr'><em>isti</em></span> <span class='ocrx_word' id='word_1_127' title='bbox 413 2153 484 2223; x_wconf 90' lang='lat' dir='ltr'><em>post</em></span> <span class='ocrx_word' id='word_1_128' title='bbox 512 2149 673 2223; x_wconf 85' lang='lat' dir='ltr'><em>prandium</em></span> <span class='ocrx_word' id='word_1_129' title='bbox 709 2148 756 2204; x_wconf 87' lang='lat' dir='ltr'><em>vel</em></span> <span class='ocrx_word' id='word_1_130' title='bbox 787 2163 915 2206; x_wconf 88' lang='lat' dir='ltr'><em>caenam</em></span> <span class='ocrx_word' id='word_1_131' title='bbox 946 2143 1223 2219; x_wconf 80' lang='lat' dir='ltr'><em>communicabant,</em></span> 
     </span>
     <span class='ocr_line' id='line_1_19' title="bbox 155 2245 1223 2323; baseline -0.002 -18"><span class='ocrx_word' id='word_1_132' title='bbox 155 2262 220 2323; x_wconf 89' lang='lat' dir='ltr'><em>qua</em></span> <span class='ocrx_word' id='word_1_133' title='bbox 246 2249 408 2309; x_wconf 88' lang='lat' dir='ltr'><em>autoritate</em></span> <span class='ocrx_word' id='word_1_134' title='bbox 439 2245 560 2309; x_wconf 85' lang='lat' dir='ltr'><em>lacered</em></span> <span class='ocrx_word' id='word_1_135' title='bbox 590 2250 762 2319; x_wconf 82' lang='lat' dir='ltr'><em>volueriut,</em></span> <span class='ocrx_word' id='word_1_136' title='bbox 793 2265 852 2309; x_wconf 82' lang='lat' dir='ltr'><em>non</em></span> <span class='ocrx_word' id='word_1_137' title='bbox 883 2250 962 2309; x_wconf 90' lang='lat' dir='ltr'><em>adeo</em></span> <span class='ocrx_word' id='word_1_138' title='bbox 994 2250 1096 2323; x_wconf 89' lang='lat' dir='ltr'><em>liquet.</em></span> <span class='ocrx_word' id='word_1_139' title='bbox 1147 2245 1223 2304; x_wconf 88' lang='lat' dir='ltr'><em>Illud</em></span> 
     </span>
     <span class='ocr_line' id='line_1_20' title="bbox 156 2349 1223 2427; baseline 0 -19"><span class='ocrx_word' id='word_1_140' title='bbox 156 2366 247 2420; x_wconf 86' lang='lat' dir='ltr'><em>vero,</em></span> <span class='ocrx_word' id='word_1_141' title='bbox 278 2349 361 2426; x_wconf 91' lang='lat' dir='ltr'><em>quod</em></span> <span class='ocrx_word' id='word_1_142' title='bbox 393 2351 572 2427; x_wconf 82' lang='lat' dir='ltr'><em>superiores</em></span> <span class='ocrx_word' id='word_1_143' title='bbox 601 2352 630 2409; x_wconf 93' lang='lat' dir='ltr'><em>in</em></span> <span class='ocrx_word' id='word_1_144' title='bbox 658 2352 870 2411; x_wconf 86' lang='lat' dir='ltr'><em>anniversario</em></span> <span class='ocrx_word' id='word_1_145' title='bbox 902 2366 1018 2410; x_wconf 89' lang='lat' dir='ltr'><em>caenae</em></span> <span class='ocrx_word' id='word_1_146' title='bbox 1046 2349 1223 2408; x_wconf 88' lang='lat' dir='ltr'><em>dominicae</em></span> 
     </span>
     <span class='ocr_line' id='line_1_21' title="bbox 156 2452 1223 2528; baseline 0.001 -19"><span class='ocrx_word' id='word_1_147' title='bbox 156 2452 262 2527; x_wconf 88' lang='lat' dir='ltr'><em>pransi</em></span> <span class='ocrx_word' id='word_1_148' title='bbox 286 2453 513 2513; x_wconf 89' lang='lat' dir='ltr'><em>communicare</em></span> <span class='ocrx_word' id='word_1_149' title='bbox 537 2454 681 2528; x_wconf 83' lang='lat' dir='ltr'><em>permissi</em></span> <span class='ocrx_word' id='word_1_150' title='bbox 704 2460 784 2520; x_wconf 90' lang='lat' dir='ltr'><em>sunt,</em></span> <span class='ocrx_word' id='word_1_151' title='bbox 808 2468 848 2511; x_wconf 86' lang='lat' dir='ltr'><em>ex</em></span> <span class='ocrx_word' id='word_1_152' title='bbox 871 2452 1034 2512; x_wconf 90' lang='lat' dir='ltr'><em>occasione</em></span> <span class='ocrx_word' id='word_1_153' title='bbox 1051 2468 1149 2526; x_wconf 87' lang='lat' dir='ltr'><em>supra</em></span> <span class='ocrx_word' id='word_1_154' title='bbox 1172 2468 1223 2510; x_wconf 90' lang='lat' dir='ltr'><em>ex-</em></span> 
     </span>
     <span class='ocr_line' id='line_1_22' title="bbox 152 2549 1225 2630; baseline -0.001 -18"><span class='ocrx_word' id='word_1_155' title='bbox 152 2549 261 2629; x_wconf 86' lang='lat' dir='ltr'><em>posita</em></span> <span class='ocrx_word' id='word_1_156' title='bbox 288 2556 458 2615; x_wconf 89' lang='lat' dir='ltr'><em>emersisse</em></span> <span class='ocrx_word' id='word_1_157' title='bbox 483 2556 614 2617; x_wconf 86' lang='lat' dir='ltr'><em>videtur.</em></span> <span class='ocrx_word' id='word_1_158' title='bbox 665 2555 726 2615; x_wconf 90' lang='lat' dir='ltr'><em>Sed</em></span> <span class='ocrx_word' id='word_1_159' title='bbox 755 2570 773 2613; x_wconf 92' lang='lat' dir='ltr'><em>a</em></span> <span class='ocrx_word' id='word_1_160' title='bbox 800 2555 1006 2630; x_wconf 86' lang='lat' dir='ltr'><em>sequentibus</em></span> <span class='ocrx_word' id='word_1_161' title='bbox 1035 2552 1168 2615; x_wconf 90' lang='lat' dir='ltr'><em>honesta</em></span> <span class='ocrx_word' id='word_1_162' title='bbox 1195 2560 1225 2611; x_wconf 90' lang='lat' dir='ltr'><em>et</em></span> 
     </span>
     <span class='ocr_line' id='line_1_23' title="bbox 156 2651 1224 2731; baseline -0.002 -17"><span class='ocrx_word' id='word_1_163' title='bbox 156 2651 331 2717; x_wconf 86' lang='lat' dir='ltr'><em>rationabili</em></span> <span class='ocrx_word' id='word_1_164' title='bbox 355 2659 578 2718; x_wconf 87' lang='lat' dir='ltr'><em>deliberatione</em></span> <span class='ocrx_word' id='word_1_165' title='bbox 601 2661 748 2716; x_wconf 87' lang='lat' dir='ltr'><em>statutum</em></span> <span class='ocrx_word' id='word_1_166' title='bbox 770 2673 841 2716; x_wconf 91' lang='lat' dir='ltr'><em>esse</em></span> <span class='ocrx_word' id='word_1_167' title='bbox 857 2658 1064 2731; x_wconf 87' lang='lat' dir='ltr'><em>cognoscitur,</em></span> <span class='ocrx_word' id='word_1_168' title='bbox 1086 2662 1120 2715; x_wconf 87' lang='lat' dir='ltr'><em>ut</em></span> <span class='ocrx_word' id='word_1_169' title='bbox 1144 2655 1224 2717; x_wconf 89' lang='lat' dir='ltr'><em>omni</em></span> 
     </span>
     <span class='ocr_line' id='line_1_24' title="bbox 156 2759 1224 2835; baseline 0.001 -20"><span class='ocrx_word' id='word_1_170' title='bbox 156 2763 297 2833; x_wconf 87' lang='lat' dir='ltr'><em>ternpore</em></span> <span class='ocrx_word' id='word_1_171' title='bbox 326 2775 343 2819; x_wconf 91' lang='lat' dir='ltr'><em>a</em></span> <span class='ocrx_word' id='word_1_172' title='bbox 366 2761 477 2822; x_wconf 88' lang='lat' dir='ltr'><em>ieiunis</em></span> <span class='ocrx_word' id='word_1_173' title='bbox 506 2765 709 2821; x_wconf 87' lang='lat' dir='ltr'><em>sacrosancta</em></span> <span class='ocrx_word' id='word_1_174' title='bbox 737 2759 885 2835; x_wconf 85' lang='lat' dir='ltr'><em>mysteria</em></span> <span class='ocrx_word' id='word_1_175' title='bbox 909 2760 1111 2819; x_wconf 88' lang='lat' dir='ltr'><em>celebrentur.</em></span> <span class='ocrx_word' id='word_1_176' title='bbox 1157 2759 1224 2817; x_wconf 90' lang='lat' dir='ltr'><em>Non</em></span> 
     </span>
     <span class='ocr_line' id='line_1_25' title="bbox 157 2861 1225 2940; baseline 0.002 -22"><span class='ocrx_word' id='word_1_177' title='bbox 157 2861 237 2918; x_wconf 89' lang='lat' dir='ltr'><em>euim</em></span> <span class='ocrx_word' id='word_1_178' title='bbox 262 2862 332 2923; x_wconf 92' lang='lat' dir='ltr'><em>ideo</em></span> <span class='ocrx_word' id='word_1_179' title='bbox 357 2864 442 2940; x_wconf 92' lang='lat' dir='ltr'><em>prius</em></span> <span class='ocrx_word' id='word_1_180' title='bbox 467 2865 622 2939; x_wconf 87' lang='lat' dir='ltr'><em>prandere</em></span> <span class='ocrx_word' id='word_1_181' title='bbox 642 2869 673 2920; x_wconf 89' lang='lat' dir='ltr'><em>et</em></span> <span class='ocrx_word' id='word_1_182' title='bbox 690 2868 799 2938; x_wconf 86' lang='lat' dir='ltr'><em>postea</em></span> <span class='ocrx_word' id='word_1_183' title='bbox 816 2862 1047 2920; x_wconf 88' lang='lat' dir='ltr'><em>communicare</em></span> <span class='ocrx_word' id='word_1_184' title='bbox 1064 2861 1225 2928; x_wconf 88' lang='lat' dir='ltr'><em>debemus,</em></span> 
     </span>
     <span class='ocr_line' id='line_1_26' title="bbox 157 2963 1225 3041; baseline 0.001 -21"><span class='ocrx_word' id='word_1_185' title='bbox 157 2963 231 3038; x_wconf 90' lang='lat' dir='ltr'><em>quia</em></span> <span class='ocrx_word' id='word_1_186' title='bbox 265 2964 414 3026; x_wconf 89' lang='lat' dir='ltr'><em>Dominus</em></span> <span class='ocrx_word' id='word_1_187' title='bbox 449 2967 618 3041; x_wconf 87' lang='lat' dir='ltr'><em>completor</em></span> <span class='ocrx_word' id='word_1_188' title='bbox 654 2966 729 3039; x_wconf 82' lang='lat' dir='ltr'><em>legis</em></span> <span class='ocrx_word' id='word_1_189' title='bbox 762 2970 810 3022; x_wconf 71' lang='lat' dir='ltr'><em>et0</em></span> <span class='ocrx_word' id='word_1_190' title='bbox 842 2969 950 3022; x_wconf 91' lang='lat' dir='ltr'><em>auctor</em></span> <span class='ocrx_word' id='word_1_191' title='bbox 984 2964 1101 3038; x_wconf 84' lang='lat' dir='ltr'><em>gratiae</em></span> <span class='ocrx_word' id='word_1_192' title='bbox 1140 2963 1225 3036; x_wconf 93' lang='lat' dir='ltr'><em>prius</em></span> 
     </span>
     <span class='ocr_line' id='line_1_27' title="bbox 159 3065 1227 3143; baseline 0.001 -21"><span class='ocrx_word' id='word_1_193' title='bbox 159 3065 258 3141; x_wconf 82' lang='lat' dir='ltr'><em>legale</em></span> <span class='ocrx_word' id='word_1_194' title='bbox 287 3067 404 3141; x_wconf 85' lang='lat' dir='ltr'><em>pascha</em></span> <span class='ocrx_word' id='word_1_195' title='bbox 433 3068 576 3143; x_wconf 83' lang='lat' dir='ltr'><em>perierit,</em></span> <span class='ocrx_word' id='word_1_196' title='bbox 604 3068 715 3126; x_wconf 91' lang='lat' dir='ltr'><em>deinde</em></span> <span class='ocrx_word' id='word_1_197' title='bbox 745 3066 926 3140; x_wconf 82' lang='lat' dir='ltr'><em>evangelica</em></span> <span class='ocrx_word' id='word_1_198' title='bbox 955 3070 1154 3124; x_wconf 89' lang='lat' dir='ltr'><em>sacramenta</em></span> <span class='ocrx_word' id='word_1_199' title='bbox 1182 3065 1227 3123; x_wconf 90' lang='lat' dir='ltr'><em>in-</em></span> 
     </span>
     <span class='ocr_line' id='line_1_28' title="bbox 157 3166 1228 3245; baseline -0.003 -18"><span class='ocrx_word' id='word_1_200' title='bbox 157 3168 271 3240; x_wconf 89' lang='lat' dir='ltr'><em>stituit,</em></span> <span class='ocrx_word' id='word_1_201' title='bbox 300 3171 381 3230; x_wconf 89' lang='lat' dir='ltr'><em>sicut</em></span> <span class='ocrx_word' id='word_1_202' title='bbox 410 3186 468 3229; x_wconf 89' lang='lat' dir='ltr'><em>nec</em></span> <span class='ocrx_word' id='word_1_203' title='bbox 498 3170 583 3245; x_wconf 90' lang='lat' dir='ltr'><em>prius</em></span> <span class='ocrx_word' id='word_1_204' title='bbox 615 3169 817 3244; x_wconf 88' lang='lat' dir='ltr'><em>corporaliter</em></span> <span class='ocrx_word' id='word_1_205' title='bbox 833 3168 973 3242; x_wconf 79' lang='lat' dir='ltr'><em>cogimur</em></span> <span class='ocrx_word' id='word_1_206' title='bbox 997 3166 1172 3226; x_wconf 87' lang='lat' dir='ltr'><em>circumcidi</em></span> <span class='ocrx_word' id='word_1_207' title='bbox 1196 3172 1228 3225; x_wconf 88' lang='lat' dir='ltr'><em>et</em></span> 
     </span>
     <span class='ocr_line' id='line_1_29' title="bbox 157 3271 1226 3347; baseline -0.003 -17"><span class='ocrx_word' id='word_1_208' title='bbox 157 3272 359 3345; x_wconf 89' lang='lat' dir='ltr'><em>postmodum</em></span> <span class='ocrx_word' id='word_1_209' title='bbox 398 3272 565 3347; x_wconf 86' lang='lat' dir='ltr'><em>baptizari,</em></span> <span class='ocrx_word' id='word_1_210' title='bbox 606 3287 672 3330; x_wconf 89' lang='lat' dir='ltr'><em>curn</em></span> <span class='ocrx_word' id='word_1_211' title='bbox 712 3273 850 3334; x_wconf 66' lang='lat' dir='ltr'><em>,sciamus</em></span> <span class='ocrx_word' id='word_1_212' title='bbox 888 3271 1045 3330; x_wconf 89' lang='lat' dir='ltr'><em>domiuum</em></span> <span class='ocrx_word' id='word_1_213' title='bbox 1087 3276 1226 3329; x_wconf 89' lang='lat' dir='ltr'><em>nostrum</em></span> 
     </span>
    </p>
   </div>
   <div class='ocr_carea' id='block_1_3' title="bbox 156 3409 1226 3571">
    <p class='ocr_par' dir='ltr' id='par_1_3' title="bbox 156 3409 1226 3571">
     <span class='ocr_line' id='line_1_30' title="bbox 225 3409 1226 3487; baseline -0.002 -16"><span class='ocrx_word' id='word_1_214' title='bbox 225 3420 284 3472; x_wconf 66' lang='lat' dir='ltr'><em>&#39;oe</em></span> <span class='ocrx_word' id='word_1_215' title='bbox 306 3427 330 3472; x_wconf 87' lang='lat' dir='ltr'><em>el</em></span> <span class='ocrx_word' id='word_1_216' title='bbox 352 3421 407 3473; x_wconf 86' lang='lat' dir='ltr'><em>S.G.</em></span> <span class='ocrx_word' id='word_1_217' title='bbox 427 3421 541 3487; x_wconf 86' lang='lat' dir='ltr'><em>quidem.</em></span> <span class='ocrx_word' id='word_1_218' title='bbox 568 3451 599 3459; x_wconf 96' lang='lat'><strong>—</strong></span> <span class='ocrx_word' id='word_1_219' title='bbox 631 3409 703 3485; x_wconf 87' lang='lat' dir='ltr'><em>boe,</em></span> <span class='ocrx_word' id='word_1_220' title='bbox 727 3421 840 3486; x_wconf 88' lang='lat' dir='ltr'><em>quidem.</em></span> <span class='ocrx_word' id='word_1_221' title='bbox 867 3450 899 3457; x_wconf 95' lang='lat'><em>-</em></span> <span class='ocrx_word' id='word_1_222' title='bbox 929 3419 996 3483; x_wconf 59' lang='grc' dir='ltr'><em>οοε»,</em></span> <span class='ocrx_word' id='word_1_223' title='bbox 1018 3418 1090 3470; x_wconf 89' lang='lat' dir='ltr'><em>ethi</em></span> <span class='ocrx_word' id='word_1_224' title='bbox 1113 3420 1226 3484; x_wconf 87' lang='lat' dir='ltr'><em>quidem,</em></span> 
     </span>
     <span class='ocr_line' id='line_1_31' title="bbox 156 3493 796 3571; baseline 0.003 -15"><span class='ocrx_word' id='word_1_225' title='bbox 156 3507 247 3571; x_wconf 75' lang='lat' dir='ltr'><em>induit.</em></span> <span class='ocrx_word' id='word_1_226' title='bbox 265 3536 298 3544; x_wconf 93' lang='lat'><em>-</em></span> <span class='ocrx_word' id='word_1_227' title='bbox 316 3493 330 3533; x_wconf 77' lang='lat'><em>‘¹</em></span> <span class='ocrx_word' id='word_1_228' title='bbox 348 3523 385 3569; x_wconf 87' lang='lat' dir='ltr'><em>oe,</em></span> <span class='ocrx_word' id='word_1_229' title='bbox 403 3507 430 3556; x_wconf 93' lang='lat' dir='ltr'><em>id</em></span> <span class='ocrx_word' id='word_1_230' title='bbox 448 3507 538 3558; x_wconf 85' lang='lat' dir='ltr'><em>lacere.</em></span> <span class='ocrx_word' id='word_1_231' title='bbox 559 3535 590 3543; x_wconf 93' lang='lat'>—</span> <span class='ocrx_word' id='word_1_232' title='bbox 609 3504 620 3532; x_wconf 79' lang='lat' dir='ltr'><em>e</em></span> <span class='ocrx_word' id='word_1_233' title='bbox 639 3521 676 3570; x_wconf 86' lang='lat' dir='ltr'><em>oe,</em></span> <span class='ocrx_word' id='word_1_234' title='bbox 696 3521 747 3555; x_wconf 87' lang='lat' dir='ltr'><em>orn.</em></span> <span class='ocrx_word' id='word_1_235' title='bbox 765 3511 796 3558; x_wconf 89' lang='lat' dir='ltr'><em>et.</em></span> 
     </span>
    </p>
   </div>
   <div class='ocr_carea' id='block_1_4' title="bbox 157 3656 1228 3980">
    <p class='ocr_par' dir='ltr' id='par_1_4' title="bbox 157 3656 1228 3980">
     <span class='ocr_line' id='line_1_32' title="bbox 232 3656 1228 3729; baseline -0.001 -19"><span class='ocrx_word' id='word_1_236' title='bbox 232 3659 366 3710; x_wconf 87' lang='lat' dir='ltr'><em>¹Socrat.:</em></span> <span class='ocrx_word' id='word_1_237' title='bbox 390 3657 442 3729; x_wconf 79' lang='grc' dir='ltr'><em>οὐχ</em></span> <span class='ocrx_word' id='word_1_238' title='bbox 467 3659 503 3715; x_wconf 81' lang='grc' dir='ltr'><em>ὡς</em></span> <span class='ocrx_word' id='word_1_239' title='bbox 530 3656 581 3726; x_wconf 76' lang='grc' dir='ltr'><em>ἔθη</em></span> <span class='ocrx_word' id='word_1_240' title='bbox 605 3658 661 3710; x_wconf 81' lang='grc' dir='ltr'>ἐστὶ</span> <span class='ocrx_word' id='word_1_241' title='bbox 684 3663 860 3729; x_wconf 79' lang='grc' dir='ltr'><strong>χριστιανοῖς,</strong></span> <span class='ocrx_word' id='word_1_242' title='bbox 890 3662 944 3708; x_wconf 84' lang='grc' dir='ltr'><em>τῶν</em></span> <span class='ocrx_word' id='word_1_243' title='bbox 970 3657 1122 3728; x_wconf 77' lang='grc' dir='ltr'><strong>μυστηρίων</strong></span> <span class='ocrx_word' id='word_1_244' title='bbox 1147 3675 1228 3724; x_wconf 83' lang='grc' dir='ltr'>μετα-</span> 
     </span>
     <span class='ocr_line' id='line_1_33' title="bbox 159 3741 1228 3812; baseline 0.003 -18"><span class='ocrx_word' id='word_1_245' title='bbox 159 3741 344 3812; x_wconf 80' lang='grc' dir='ltr'>λαμβάνουσιν.</span> <span class='ocrx_word' id='word_1_246' title='bbox 373 3773 404 3781; x_wconf 94' lang='grc'>-</span> <span class='ocrx_word' id='word_1_247' title='bbox 432 3742 642 3807; x_wconf 81' lang='lat' dir='ltr'><em>²Cassiod0rus,</em></span> <span class='ocrx_word' id='word_1_248' title='bbox 663 3745 724 3795; x_wconf 88' lang='lat' dir='ltr'><em>Hist.</em></span> <span class='ocrx_word' id='word_1_249' title='bbox 742 3745 837 3808; x_wconf 84' lang='lat' dir='ltr'><em>tripart.</em></span> <span class='ocrx_word' id='word_1_250' title='bbox 856 3743 873 3795; x_wconf 89' lang='lat' dir='ltr'><em>l.</em></span> <span class='ocrx_word' id='word_1_251' title='bbox 891 3742 931 3803; x_wconf 89' lang='lat' dir='ltr'><em>IX,</em></span> <span class='ocrx_word' id='word_1_252' title='bbox 950 3757 970 3793; x_wconf 89' lang='lat' dir='ltr'><em>c.</em></span> <span class='ocrx_word' id='word_1_253' title='bbox 990 3745 1029 3795; x_wconf 81' lang='lat'><em>38.</em></span> <span class='ocrx_word' id='word_1_254' title='bbox 1065 3744 1153 3808; x_wconf 83' lang='lat' dir='ltr'><em>Migne</em></span> <span class='ocrx_word' id='word_1_255' title='bbox 1172 3761 1191 3797; x_wconf 94' lang='lat' dir='ltr'><em>s.</em></span> <span class='ocrx_word' id='word_1_256' title='bbox 1211 3745 1228 3797; x_wconf 93' lang='lat' dir='ltr'><em>l.</em></span> 
     </span>
     <span class='ocr_line' id='line_1_34' title="bbox 157 3826 1228 3893; baseline -0.003 -10"><span class='ocrx_word' id='word_1_257' title='bbox 157 3836 175 3884; x_wconf 83' lang='lat' dir='ltr'><em>t.</em></span> <span class='ocrx_word' id='word_1_258' title='bbox 188 3830 228 3891; x_wconf 82' lang='lat'><em>69,</em></span> <span class='ocrx_word' id='word_1_259' title='bbox 247 3843 270 3893; x_wconf 88' lang='lat' dir='ltr'><em>p.</em></span> <span class='ocrx_word' id='word_1_260' title='bbox 283 3831 357 3881; x_wconf 84' lang='lat'>1155.</span> <span class='ocrx_word' id='word_1_261' title='bbox 388 3826 493 3892; x_wconf 73' lang='lat' dir='ltr'><em>socrat,</em></span> <span class='ocrx_word' id='word_1_262' title='bbox 511 3828 551 3881; x_wconf 91' lang='lat' dir='ltr'><em>ed.</em></span> <span class='ocrx_word' id='word_1_263' title='bbox 565 3828 652 3880; x_wconf 82' lang='lat' dir='ltr'><em>Vates.</em></span> <span class='ocrx_word' id='word_1_264' title='bbox 671 3828 688 3879; x_wconf 88' lang='lat' dir='ltr'><em>l.</em></span> <span class='ocrx_word' id='word_1_265' title='bbox 699 3829 733 3888; x_wconf 91' lang='lat' dir='ltr'><em>V,</em></span> <span class='ocrx_word' id='word_1_266' title='bbox 752 3844 772 3879; x_wconf 86' lang='lat' dir='ltr'><em>e.</em></span> <span class='ocrx_word' id='word_1_267' title='bbox 784 3831 823 3889; x_wconf 83' lang='lat'><em>22,</em></span> <span class='ocrx_word' id='word_1_268' title='bbox 843 3844 866 3892; x_wconf 90' lang='lat' dir='ltr'><em>p.</em></span> <span class='ocrx_word' id='word_1_269' title='bbox 881 3829 929 3880; x_wconf 77' lang='lat'><em>286</em></span> <span class='ocrx_word' id='word_1_270' title='bbox 940 3833 964 3879; x_wconf 87' lang='lat' dir='ltr'><em>et</em></span> <span class='ocrx_word' id='word_1_271' title='bbox 974 3830 1031 3880; x_wconf 79' lang='lat'><em>287.</em></span> <span class='ocrx_word' id='word_1_272' title='bbox 1049 3858 1082 3866; x_wconf 94' lang='lat'>—</span> <span class='ocrx_word' id='word_1_273' title='bbox 1102 3832 1112 3866; x_wconf 81' lang='grc'>3</span> <span class='ocrx_word' id='word_1_274' title='bbox 1130 3829 1147 3880; x_wconf 90' lang='lat' dir='ltr'><em>l.</em></span> <span class='ocrx_word' id='word_1_275' title='bbox 1161 3845 1182 3880; x_wconf 88' lang='lat' dir='ltr'><em>c.</em></span> <span class='ocrx_word' id='word_1_276' title='bbox 1195 3858 1228 3866; x_wconf 93' lang='lat'>—</span> 
     </span>
     <span class='ocr_line' id='line_1_35' title="bbox 160 3911 516 3980; baseline 0 -16"><span class='ocrx_word' id='word_1_277' title='bbox 160 3911 238 3965; x_wconf 87' lang='lat' dir='ltr'><em>⁴Clr.</em></span> <span class='ocrx_word' id='word_1_278' title='bbox 256 3928 311 3978; x_wconf 84' lang='lat' dir='ltr'><em>cap.</em></span> <span class='ocrx_word' id='word_1_279' title='bbox 330 3912 374 3975; x_wconf 89' lang='lat' dir='ltr'><em>IV,</em></span> <span class='ocrx_word' id='word_1_280' title='bbox 393 3930 417 3977; x_wconf 87' lang='lat' dir='ltr'><em>p.</em></span> <span class='ocrx_word' id='word_1_281' title='bbox 436 3917 516 3980; x_wconf 81' lang='lat' dir='ltr'><em>llsqq.</em></span> 
     </span>
    </p>
   </div>
   <div class='ocr_carea' id='block_1_5' title="bbox 0 0 1393 4552">
    <p class='ocr_par' dir='ltr' id='par_1_5' title="bbox 0 0 1393 4552">
     <span class='ocr_line' id='line_1_36' title="bbox 0 0 1393 4552; baseline 0 0"><span class='ocrx_word' id='word_1_282' title='bbox 0 0 1393 4552; x_wconf 95' lang='lat' dir='ltr'><em> </em></span> 
     </span>
    </p>
   </div>
  </div>
 </body>
</html>
