2768 4552
730 334 918 392 ..2-

347 502 388 554 Xl.
407 503 473 565 QuId
491 503 550 554 item
569 518 619 552 non
639 500 738 552 debeat.

339 586 393 638 Xll.
413 589 447 638 De
465 586 554 637 orandi
573 586 656 637 modis
676 590 700 635 et
718 586 837 637 distantia
855 601 957 637 vocum.

330 671 390 724 Xlll.
409 672 507 735 Quibus
525 674 604 736 prosit
621 672 725 722 divinus
744 671 828 723 cultus
846 677 871 723 et
889 670 984 736 quibus
1002 687 1061 721 non.

328 757 396 809 XIV.
414 757 495 808 iustas
513 757 656 808 oblationes
668 762 691 807 et
704 766 788 822 magis
802 759 905 807 virtutes
919 770 996 820 quarn
1010 757 1150 822 corporalia
1163 772 1269 807 munera
1282 756 1359 806 deum

419 842 573 893 desiderare.

338 925 394 976 XV.
414 927 449 978 De
468 927 641 978 oblationibus
658 932 784 976 veterum.

328 1009 393 1060 XVI.
414 1011 449 1063 De
467 1012 598 1062 sacrificiis
617 1012 679 1061 novi
696 1011 848 1061 testamenti.

318 1093 395 1144 XVII.
414 1093 465 1146 Cur
483 1101 579 1146 mutata
597 1097 647 1146 sint
664 1110 709 1159 per
727 1093 859 1145 Christum
878 1095 1010 1147 sacrificia.

307 1179 395 1231 XVIII.
414 1180 450 1230 De
467 1181 560 1232 virtute
577 1185 796 1231 sacramentorum
811 1185 834 1230 et
852 1196 897 1230 cur
913 1180 944 1231 ab
963 1183 999 1232 eis
1016 1183 1147 1232 criminosi
1166 1180 1360 1246 suspendantur.

333 1258 397 1315 XIX.
416 1264 483 1327 Quid
501 1263 660 1316 offerendum
679 1266 710 1314 sit
726 1266 754 1315 in
773 1264 852 1317 altari.

342 1347 396 1401 XX.
416 1348 473 1400 Non
491 1347 523 1399 ab
541 1348 598 1399 aliis
617 1363 694 1414 quam
712 1351 807 1401 ieiunis
826 1351 1081 1402 communimndnm.

334 1431 399 1484 XXI.
419 1432 493 1495 Quod
502 1433 546 1483 alii
559 1435 650 1493 rarius,
661 1433 704 1484 alii
717 1435 837 1495 crebrius,
849 1434 892 1485 alii
905 1436 997 1486 cotidie
1009 1435 1251 1485 communicandum
1265 1434 1360 1483 dieunt.

326 1516 403 1569 XXll.
421 1517 510 1568 Utrum
524 1518 604 1570 semel
615 1518 658 1571 vel
671 1521 773 1584 saepius
785 1522 811 1570 in
825 1520 865 1570 die
878 1520 969 1571 offerre
982 1520 1116 1570 conveniat
1127 1524 1150 1568 et
1163 1519 1359 1568 communicare.

318 1600 405 1653 XXlll.
424 1603 460 1653 De
478 1603 567 1653 ordine
586 1604 679 1654 missae
697 1609 721 1654 et
739 1604 860 1656 offerendi
880 1607 983 1656 ratione.

318 1686 406 1738 XXIV.
426 1689 461 1738 De
480 1693 594 1751 tempore
613 1688 715 1739 missae.

327 1771 406 1824 XXV.
424 1774 460 1824 lle
478 1773 546 1822 vasis
564 1778 589 1822 et
606 1770 720 1823 vesIIbns
739 1775 824 1824 sacris,

318 1856 409 1909 XXVI.
428 1859 463 1908 De
480 1855 551 1906 horis
574 1858 716 1921 canonicis,
735 1874 848 1922 genuum
869 1858 992 1918 flexione,
1010 1857 1111 1923 ymnis,
1135 1854 1260 1905 cantilena
1277 1861 1300 1905 et
1319 1856 1358 1904 in-

425 1941 561 1993 crementis
579 1957 678 1993 eornm.

305 2024 404 2078 XXVII.
423 2026 459 2077 De
476 2026 597 2090 baptismi
620 2027 779 2078 incremento
802 2033 827 2078 et
846 2027 971 2076 mersione
995 2030 1019 2075 et
1036 2025 1120 2075 causis
1138 2024 1359 2090 baptizandorum.

291 2108 405 2162 XXVIII.
423 2111 459 2161 De
476 2110 584 2162 decimis
602 2110 701 2163 dandis.
1200 2116 1202 2120 “

319 2191 406 2244 XXIX.
425 2194 461 2245 De
479 2193 595 2246 laetaniis
614 2196 729 2260 agendIs.

325 2277 402 2331 XXX.
421 2279 456 2333 De
473 2294 540 2345 aqua
558 2281 705 2344 sparsionis.

313 2361 403 2413 XXXI.
423 2363 650 2416 bebenedictione
668 2365 743 2416 cerei.

302 2445 400 2499 XXXII.
419 2446 580 2514 Comparatio
599 2448 829 2499 ecclesiasticorum
851 2447 970 2498 ordiuunr
990 2453 1014 2499 et
1026 2447 1180 2499 secularium
1192 2453 1216 2498 et
1229 2447 1359 2498 conclusio

419 2532 510 2584 libelli.

706 2753 809 2803 Finiunt
828 2753 947 2818 capitula.
