2768 4552
656 322 866 382 „66—

228 496 407 574 passionem
416 494 573 554 Dominiin
584 493 1170 570 praedicationelsacerdotum,quando
1179 495 1295 555 missae

227 599 449 660 celebrantur.1
487 596 575 670 Quod
600 613 668 655 cum
685 597 726 655 ita
741 597 779 655 de
797 612 833 655 00
851 597 880 655 10
897 596 1126 671 pontificalibus
1144 597 1293 673 scriptum

226 704 273 773 sit,
284 701 411 761 dubium
423 700 554 769 videtur,
565 711 666 758 utrum
681 699 730 756 ille
744 714 812 757 eam
825 704 941 758 tantum
957 704 1073 772 partem
1086 698 1295 775 actionisque

225 804 331 881 passio
344 802 465 861 Domini
480 807 749 872 commemoratur,
767 801 954 860 ordinaverit
973 802 1019 859 vel
1040 807 1133 858 totam
1152 816 1171 859 a
1192 803 1294 876 capite

224 906 376 981 usquead
390 905 490 980 ipsum
504 903 615 963 locum.
648 902 710 962 Sed
721 901 794 961 huic
806 903 961 962 secundae
979 898 1185 962 aestimationi
1203 904 1292 964 vide-

223 1015 273 1069 tur
296 1007 493 1075 contrarium,
516 1004 600 1081 quod
616 1004 645 1061 in
670 1020 707 1063 00
731 1012 818 1080 parte
842 1007 940 1064 sancti
958 1004 1161 1077 nominantur,
1185 1006 1238 1081 qui
1262 1013 1293 1067 et

224 1117 294 1171 ante
321 1111 404 1170 illum
434 1115 464 1166 et
493 1107 546 1183 qui
577 1112 647 1180 post
673 1107 754 1167 illius
785 1113 927 1182 tempora
956 1107 1048 1180 longe
1072 1109 1206 1181 luerunt,
1231 1111 1293 1172 nisi

216 1213 374 1285 dicamne,
398 1211 436 1270 ab
462 1209 512 1270 illo
536 1224 592 1269 eos
618 1215 743 1281 tantum,
767 1210 819 1285 qui
843 1216 914 1268 ante
942 1208 1026 1267 illum
1055 1210 1177 1270 luerunt
1205 1228 1291 1272 eom·

222 1320 425 1382 memoratos,
450 1318 644 1371 caeterorum
667 1328 743 1371 vero
768 1313 894 1371 nomina
916 1312 982 1370 suis
1006 1327 1150 1387 quaeque
1166 1318 1290 1390 tempo-

222 1416 308 1475 ribus
332 1415 369 1473 ab
387 1414 454 1474 aliis
471 1414 708 1490 superinmissa3
725 1417 808 1474 unde
824 1420 854 1472 et
869 1413 969 1488 ipsius
986 1429 1097 1476 nomen
1115 1416 1291 1476 Alexandri

221 1519 251 1577 in
280 1517 422 1593 sequenti
455 1517 562 1574 ordine
590 1518 771 1593 repperitur.
824 1516 994 1589 Gregorius
1024 1519 1125 1589 verul,
1155 1518 1193 1576 de
1224 1535 1288 1595 quo

220 1619 365 1695 superius
389 1619 515 1695 saepius
539 1619 665 1678 fecimus
687 1618 884 1689 mentionem,
908 1619 1120 1693 augmentavit
1144 1619 1172 1678 in
1198 1637 1289 1696 prae·

220 1717 392 1781 dicationeb
415 1721 559 1780 canonis:
590 1720 722 1796 diesque
749 1727 872 1780 nostros
901 1724 932 1780 in
956 1729 1008 1780 too
1024 1739 1110 1796 pace
1132 1722 1288 1798 disponas,

218 1823 270 1883 ubi
303 1824 429 1898 quidam
463 1825 570 1882 volunt
603 1824 752 1895 intellegi,
787 1829 899 1881 totamc
927 1825 966 1882 ab
996 1840 1033 1882 eo
1060 1825 1126 1882 loco
1154 1827 1287 1885 canonis

219 1928 478 2002 consequentiam
501 1942 601 2000 usque
625 1925 654 1983 in
671 1925 760 1983 finem
779 1941 834 1999 per
851 1920 935 1985 illum
956 1921 1055 1985 fuisse
1071 1927 1288 2001 compositam,

218 2029 265 2088 cui
296 2029 400 2088 sensui
428 2043 602 2103 repugnare
628 2026 762 2098 videtur,
792 2027 875 2101 quod
906 2027 1010 2103 passio
1035 2028 1167 2099 Domini,
1191 2044 1286 2104 quam

218 2131 398 2190 Alexander
428 2131 528 2190 eidem
558 2129 779 2205 praedicationi
811 2130 953 2204 inseruit,
981 2138 1053 2205 post
1081 2131 1139 2189 hos
1169 2147 1287 2192 versus

215 2232 358 2294 habetur.
402 2232 489 2292 Unde
519 2232 656 2291 nonnulli
685 2233 827 2299 credunt,
852 2249 911 2291 non
940 2232 1072 2306 amptius
1101 2231 1285 2308 Gregorium

216 2351 310 2410 quam
340 2336 408 2394 illas
439 2342 502 2394 tres
530 2332 709 2408 petitiones,
740 2334 770 2392 id
798 2342 847 2394 est
874 2350 929 2409 pro
958 2350 1034 2410 pace
1056 2341 1228 2411 temporum
1254 2345 1287 2398 et

215 2436 371 2511 ereptione
408 2437 447 2495 ab
482 2436 615 2496 aeternis
655 2432 817 2512 suppliciis
852 2444 883 2495 et
915 2437 1069 2497 consortio
1105 2446 1285 2501 sanctorum

215 2538 392 2610 obtinendo,
416 2537 572 2614 prioribus
596 2539 854 2613 superaddidisse
882 2541 1014 2600 statutis.
1060 2541 1121 2600 Leo
1145 2557 1283 2618 quoque,

214 2639 325 2699 XLVll
348 2639 440 2699 10003
464 2640 547 2715 apud
570 2640 727 2700 Romanos
747 2640 960 2714 pontificatum
984 2657 1089 2715 agenS,
1113 2644 1283 2718 constituit,

213 2748 247 2799 ut
268 2742 348 2800 intra
376 2742 530 2801 actionem
559 2743 703 2803 sacrificii
734 2743 900 2804 diceretur:
928 2749 1067 2803 sanctum
1089 2747 1284 2817 sucrificium

213 2849 244 2904 et
266 2844 411 2920 reliqual
448 2845 493 2903 De
511 2844 570 2903 hoc
587 2845 678 2904 etiam
696 2846 806 2921 quaeri
825 2852 938 2920 potest,
962 2853 1064 2905 utrum
1087 2846 1127 2905 ab
1151 2862 1188 2906 eo
1211 2850 1282 2911 loco

280 3042 293 3068 ἃ
310 3043 335 3093 Μ
354 3048 433 3105 0100,
452 3046 604 3109 precatione.
629 3074 660 3082 —
687 3033 698 3073 b
718 3045 743 3094 M
761 3049 785 3095 01
803 3061 841 3109 00,
859 3046 1010 3110 precatione.
1032 3075 1066 3083 -
1089 3046 1099 3073 ⁰
1118 3046 1151 3108 M,
1165 3047 1202 3096 llll
1214 3054 1239 3099 et
1252 3067 1283 3103 oe

135 3186 137 3192 .
211 3127 306 3179 habent
323 3133 410 3190 totam,
429 3127 476 3182 SG.
495 3145 557 3180 vero
576 3129 634 3181 exh.
655 3136 714 3183 tam.

209 3233 330 3240 —-
631 3238 743 3243 —.‚-
938 3238 1120 3243 -—-.—.
1129 3239 1156 3243 ,-
1180 3240 1281 3249 4-*-

282 3282 372 3344 1„Hic
398 3286 544 3348 passionem
573 3283 676 3333 Domini
703 3285 804 3334 miscuit
835 3285 860 3334 in
891 3285 1078 3348 praedicatione
1108 3285 1281 3355 sacerdotum,

210 3365 313 3431 quando
333 3368 425 3418 missae
443 3367 626 3418 celebrantur.“
664 3367 718 3419 Lib.
731 3370 820 3433 pontii.
833 3369 913 3420 Ducb.
926 3369 945 3429 l,
960 3372 1015 3421 127.
1046 3370 1073 3419 ln
1090 3370 1281 3434 praedicatione

208 3451 368 3503 sacerdotum
392 3452 418 3502 id
441 3459 478 3504 est
502 3455 528 3504 in
551 3454 666 3503 oratione
689 3459 746 3504 ante
769 3456 986 3505 consecrationem
1009 3453 1072 3516 ,Qui
1095 3455 1175 3519 pridie
1198 3471 1280 3522 quarn

207 3541 357 3600 pateretur“.
389 3567 423 3575 -
459 3537 551 3598 ²„Hic
568 3539 745 3602 augmentavit
766 3539 793 3588 in
816 3540 1030 3602 praedicationem
1050 3542 1153 3590 canonis
1173 3543 1279 3610 diesque
1327 3604 1332 3611 ¹

207 3625 311 3674 nostros
333 3625 361 3674 in
383 3627 428 3676 toa
445 3637 517 3690 pace
541 3623 652 3689 dispone
674 3627 698 3672 et
720 3628 824 3673 cetera.“
866 3622 946 3673 lluch.
970 3623 1063 3687 l,312.
1097 3653 1131 3662 -
1160 3626 1241 3678 ³Leo
1270 3666 1277 3682 .

207 3706 421 3772 quadragesimus
440 3709 544 3772 quintus
562 3708 626 3758 rexit
643 3705 776 3757 ecclesiam
796 3710 939 3760 llo-lat.
963 3739 994 3746 -
1022 3713 1034 3747 ⁴
1053 3709 1116 3772 „Hic
1137 3712 1277 3774 constituit,

207 3796 234 3840 ut
257 3792 321 3841 intra
343 3793 468 3842 actionem
493 3792 610 3842 sacrificii
636 3791 761 3842 diceretur
783 3796 902 3844 sunctum
931 3793 1092 3860 sacrificium
1115 3800 1139 3845 et
1166 3800 1274 3849 cetera.“
1310 3822 1313 3827 ·

205 3874 286 3925 Duch.
309 3875 330 3936 l,
348 3876 405 3927 239.
450 3875 518 3926 Haec
545 3877 622 3927 verba
647 3879 784 3928 terminant
809 3879 949 3929 orationem
977 3887 1033 3943 post
1058 3881 1276 3933 consecrationem
