2768 4552
587 331 797 390 „57-

159 507 416 576 congregatorum
439 500 531 558 animi
554 499 714 574 angelicae
731 501 951 560 modulatIonis
968 501 1130 561 dulcedine
1149 503 1227 560 mul-

159 611 311 664 cerentur.
362 602 425 662 Sed
447 601 477 660 in
501 600 560 660 hoc
592 604 658 664 loco
682 603 791 678 quaeri
814 610 930 677 potest,
957 603 984 663 si
1007 603 1089 663 idem
1111 620 1226 681 ymnus

160 705 252 764 huius
281 721 382 780 papae
410 704 601 779 temporibus
632 709 703 762 ante
734 704 918 764 sacrificium
944 707 1046 780 coepit
1074 705 1144 776 dici,
1174 721 1227 765 cur

159 810 253 883 longo
280 812 420 881 tempore
454 814 526 884 post
553 806 610 866 sub
641 805 815 866 Caelestino
843 809 974 884 legatur,
1007 813 1125 866 tantum
1156 814 1227 867 ante

158 909 346 970 sacrificium
369 908 533 968 lectionem
563 910 697 985 apostoli
719 917 749 968 et
776 908 973 983 evangelium
1002 910 1226 985 praecessisse,

157 1021 193 1072 ut
214 1013 266 1072 ille
288 1009 467 1071 necessario
491 1009 528 1067 de
553 1010 681 1085 psalmis
706 1011 807 1071 David
830 1010 1026 1086 antiphonas,
1052 1029 1133 1089 quae
1156 1020 1226 1072 ante

157 1114 243 1190 ipsas
278 1113 427 1172 lectiones
461 1118 668 1185 cantarentur,
703 1113 928 1189 praeposuisse
959 1113 1126 1174 videatur?
1168 1111 1226 1171 Ubi

157 1215 411 1294 respondendum
436 1219 493 1284 est,
522 1216 574 1273 vel
598 1216 798 1275 constitutum
823 1215 948 1289 quidem
979 1218 1075 1276 luisse
1097 1231 1115 1273 a
1137 1215 1227 1274 Tele-

158 1318 286 1395 sphor0‚
308 1317 439 1378 utidem
456 1333 569 1392 ymnus
586 1318 614 1375 in
632 1316 731 1392 capite
751 1317 867 1377 missae
883 1319 1045 1386 diceretur,
1068 1319 1125 1377 sed
1142 1319 1226 1392 apud

160 1426 303 1497 posteros
334 1418 432 1495 ipsam
456 1418 524 1477 eins
554 1419 806 1479 constitutionem
829 1420 1052 1490 intermissam,
1084 1419 1227 1478 doneca

157 1521 381 1598 sequentibusa
409 1521 531 1595 plenius
554 1527 638 1581 totus
661 1523 736 1580 ordo
761 1523 876 1581 missae
901 1526 1147 1598 componeretur,
1176 1521 1225 1580 vel

156 1627 200 1684 ita
224 1628 372 1695 statutum
397 1623 435 1682 ab
460 1639 506 1695 eo,
529 1630 564 1682 ut
586 1624 652 1696 ipse
668 1640 782 1699 ymnus
805 1623 985 1683 insomniis
1008 1622 1225 1683 festivitatibus
1264 1658 1268 1663 -

158 1733 189 1785 et
212 1743 230 1785 a
253 1726 329 1785 solis
347 1724 502 1800 episcopis
524 1730 738 1800 usurparetur,
763 1726 962 1800 quodetiam
986 1725 1135 1800 incapite
1157 1725 1226 1784 libri

158 1837 427 1888 sacramentorum
456 1827 652 1901 designatum
677 1826 803 1887 videtur
831 1837 861 1886 et
887 1827 957 1887 ideo
982 1828 1129 1901 scriptum
1146 1843 1226 1886 esse

157 1930 314 2005 usquead
337 1936 477 2004 tempora
494 1929 669 1998 Caelestini,
693 1935 765 1988 ante
782 1929 967 1990 sacrificium
991 1930 1139 1989 lectiones
1159 1936 1227 1988 tan-

157 2038 224 2092 tum
248 2032 380 2102 habitas,
404 2039 438 2090 ut
462 2031 729 2105 subintellegatur,
753 2032 897 2108 quamvis
923 2032 971 2092 ille
994 2048 1107 2108 ymnus
1131 2033 1226 2090 inter·

158 2135 233 2193 dum
263 2140 335 2193 ante
370 2134 484 2203 missas
515 2133 677 2205 diceretur,
711 2140 746 2193 ut
781 2133 999 2209 praediximus,
1035 2151 1094 2192 non
1129 2132 1225 2192 luisse

157 2243 271 2308 tamen,
295 2237 380 2313 quod
403 2235 514 2309 iugiter
535 2235 565 2293 in
590 2236 735 2295 omnibus
760 2235 865 2295 missis
889 2235 928 2300 ab
951 2235 1097 2295 omnibus
1121 2250 1225 2294 sacer-

158 2338 281 2398 dotibus
299 2345 369 2398 ante
386 2338 534 2397 lectiones
552 2345 727 2412 poneretur,
749 2344 916 2412 antequam
935 2337 1014 2397 idem
1031 2335 1224 2397 caelestinus

157 2438 343 2514 antiphonas
367 2437 425 2500 ad'J
449 2441 607 2499 lntroitum
625 2441 773 2501 dicendas
798 2440 936 2499 instituit.
983 2440 1041 2498 Vel
1065 2439 1107 2498 ita
1125 2439 1226 2514 potuit

157 2541 292 2610 evenire,
326 2548 361 2600 ut
393 2543 474 2602 idem
510 2541 719 2602 Caelestinus:
756 2549 894 2614 sanctus,
929 2549 1065 2616 sanctas,
1099 2548 1226 2601 sanctus

156 2643 302 2703 Dominus
323 2645 406 2703 Deus
435 2650 466 2703 et
494 2645 616 2718 reliqua
638 2650 708 2703 ante
738 2643 924 2704 sacrificium
947 2644 1048 2703 dicere
1076 2643 1224 2716 docuerit,

157 2747 241 2820 quod
265 2744 463 2805 nihilominus
486 2762 600 2821 ymnus
624 2745 782 2818 angelicus
802 2747 860 2805 dici
885 2752 995 2820 potest,
1019 2747 1092 2822 quia
1115 2737 1228 2823 princi-⁸

225 2944 237 2971 ³
255 2945 279 2994 M
298 2951 322 2996 et
340 2945 379 2995 Mt
397 2946 621 3011 subsequentibus.
638 2974 672 2983 -
691 2932 704 2972 ἱ)
724 2946 758 3006 M,
775 2963 827 2998 om.
845 2948 886 2997 ad.

155 3115 229 3179 licus,
249 3115 298 3167 hoc
315 3125 363 3167 est:
389 3116 491 3178 „Gloria
508 3119 534 3166 in
553 3115 661 3167 excelsis
679 3115 755 3167 De0.“
792 3116 873 3168 Duch.
892 3117 908 3179 l,
929 3120 976 3169 129
983 3135 989 3178 ;
1011 3119 1094 3182 prima
1112 3120 1225 3169 recensio

156 3201 234 3250 habet
251 3203 435 3266 appositionem
457 3206 570 3263 „tantum
587 3207 662 3251 noctu
680 3201 763 3251 natale
775 3202 902 3264 Domini“‚
920 3217 998 3267 quam
1011 3189 1227 3270 omisillsecunda

154 3285 274 3336 redactio
311 3285 403 3336 Seculo
421 3303 489 3337 nono
508 3287 604 3336 Romae
626 3287 782 3353 presbyteris
801 3302 852 3337 non
870 3293 923 3337 erat
940 3288 1102 3351 permissum,
1124 3292 1226 3338 cantare

157 3369 260 3431 „Gloria
277 3372 303 3420 in
322 3369 454 3434 excelsis“‚
474 3372 524 3420 nisi
543 3371 584 3420 die
602 3370 722 3421 Paschae.
759 3369 899 3432 „Similiter
916 3372 991 3421 etiam
1011 3376 1060 3421 eta
1079 3371 1224 3438 presbytero

155 3456 250 3519 agitur,
268 3456 371 3520 quando
389 3457 416 3504 in
436 3457 542 3506 statione
560 3455 619 3504 iacit
637 3457 736 3518 missas,
753 3461 851 3520 praeter
870 3455 961 3506 Gloria
979 3457 1005 3506 in
1024 3457 1138 3507 excelsis
1155 3455 1224 3518 Deo;

156 3541 217 3605 quia
229 3554 244 3588 a
261 3540 409 3607 presbytero
422 3554 472 3590 non
485 3540 578 3590 dicitur
595 3541 645 3590 nisi
663 3542 688 3590 in
701 3540 824 3592 Pascha.“
853 3539 920 3590 Ordo
935 3541 1007 3591 Rom.
1019 3540 1027 3588 l
1040 3556 1081 3604 ap.
1094 3541 1225 3606 Mabillon,

155 3623 221 3674 Mus.
240 3624 291 3675 ital.
311 3624 337 3686 ll,
361 3640 386 3688 p.
407 3628 447 3676 17.
482 3625 529 3675 Hic
553 3624 668 3692 hymnus
690 3624 822 3688 angelicus
846 3624 1010 3689 singularitas
1033 3631 1085 3675 erat
1108 3625 1225 3690 liturgiae

155 3723 283 3769 romanae,
302 3711 328 3758 in
340 3709 469 3774 gallicana
480 3710 628 3760 cantabatur
645 3711 717 3760 initio
730 3711 823 3760 missae
834 3711 961 3760 canticum
974 3709 1122 3762 Zachariae:
1143 3711 1224 3762 Bene-

155 3793 238 3843 dictus
264 3792 388 3843 Dominus
412 3794 479 3845 Deus
503 3794 587 3845 lsrael.
618 3795 678 3846 Luc.
697 3794 713 3855 l,
733 3795 773 3846 68.
810 3795 996 3845 Testimonium
1016 3795 1223 3859 antiquissimum

155 3877 249 3944 hymni
268 3878 378 3942 angelici
395 3878 517 3929 exhibent
537 3877 645 3930 Constit.
663 3882 746 3944 apost.
764 3879 780 3930 l.
800 3879 852 3942 Vll,
870 3883 911 3932 tt.
