2768 4552
583 305 792 366 ...73-

154 479 265 538 XXlV.
303 487 403 555 papaa
438 478 621 552 constituit1,
656 477 839 536 sacerdotes
874 483 904 534 et
937 475 1049 534 levitas
1081 475 1226 536 vestibus

155 583 288 651 sacratis
311 582 341 641 in
366 597 427 639 usu
451 579 604 639 cotidiano
627 595 687 638 nun
711 580 773 652 uti,
797 579 855 640 nisi
878 579 907 636 in
932 577 1066 638 eeclesia
1087 585 1224 656 tautum,

155 691 187 743 et
215 684 378 762 sylvester
409 680 579 752 ordinavit,
613 687 647 739 ut
677 682 799 742 diaconi
830 679 1003 741 dalmaticis
1032 682 1062 739 in
1084 673 1226 742 'ecclesia

153 793 318 844 uterentur
354 793 384 844 ct
414 785 507 861 pallio
544 784 697 843 linostimo
727 801 833 844 eorum
867 785 938 842 leva
966 788 1132 857 tegeretur.
1188 781 1227 840 Et

155 889 253 964 primo
278 888 405 964 quidem
428 886 610 946 sacerdotes
638 886 811 946 dalmaticis
834 891 906 945 ante
931 888 1109 946 casularum
1132 901 1224 944 usum

153 991 378 1061 induebantur,
410 994 521 1069 postea
543 1004 618 1048 vero
643 1004 713 1047 cunr
739 989 854 1048 casulis
876 989 919 1047 uti
952 990 1131 1065 coepissent
1159 989 1226 1047 dal·
1274 1037 1276 1041 .

155 1094 284 1152 maticas
312 1091 496 1151 diaconibus
526 1097 757 1152 concesserunt.
807 1091 897 1166 lpsos
929 1097 1032 1148 tamen
1063 1089 1227 1164 pontifices

155 1195 201 1254 eis
227 1195 268 1252 uti
292 1193 407 1253 debere
437 1209 536 1252 exeo
569 1195 686 1254 clarum
712 1198 775 1266 est,
803 1193 887 1267 quod
911 1191 1080 1266 Gregorius
1102 1192 1151 1251 vel
1176 1192 1226 1251 alii

156 1295 369 1356 Romanorum
402 1296 566 1372 praesules
600 1290 671 1354 aliis
706 1296 863 1372 episcopis
895 1311 1005 1353 earum
1035 1309 1127 1352 usum
1157 1310 1225 1370 per-

154 1398 308 1457 miserunt
329 1398 396 1457 aliis
421 1398 665 1470 interdixerunt,
694 1397 746 1455 ubi
769 1396 971 1472 intellegitur,
995 1412 1055 1455 uon
1079 1381 1227 1456 omnibus

154 1503 229 1556 tune
252 1497 349 1557 luisse
381 1515 582 1570 concessum,
611 1499 694 1575 quod
725 1514 808 1558 nunc
837 1514 917 1572 pene
947 1515 1055 1559 omnes
1086 1500 1226 1575 episcopi

156 1605 187 1657 et
210 1600 347 1658 nonnulli
370 1600 627 1676 presbyterorum
651 1600 710 1662 sibi
733 1601 826 1660 licere
849 1600 1038 1677 existimant,
1067 1601 1097 1661 id
1122 1607 1171 1662 est
1193 1606 1228 1659 ut

156 1701 215 1760 sub
241 1700 349 1760 casula
371 1702 538 1762 dalmatica
559 1705 744 1764 vestiantur.
969 1690 973 1698 ’

221 1802 376 1862 statutum
401 1810 451 1862 est
475 1811 579 1864 autem
607 1806 737 1865 coneilio
762 1804 984 1864 bracarensil:
1013 1821 1051 1864 ne
1078 1805 1228 1866 sacerdos

155 1907 221 1964 sine
244 1906 352 1965 orario
375 1907 512 1975 celebret
534 1909 666 1969 missum.
704 1907 902 1966 Addiderunt
916 1908 945 1966 in
964 1906 1105 1966 vestibus
1129 1907 1228 1972 saeris

156 2006 206 2065 alii
226 2007 286 2066 alia
308 2009 355 2066 vel
373 2008 413 2067 ad
435 2009 635 2069 imitationem
652 2025 770 2082 eorum,
788 2009 904 2084 quibus
919 2016 1042 2068 veteres
1059 2008 1228 2068 utebantur

109 2145 111 2149 >
156 2108 351 2181 sacerdoteS,
381 2112 430 2169 vel
459 2112 499 2169 ad
528 2113 681 2187 mysticae
716 2109 947 2185 significationis
982 2112 1227 2186 expressionem.

158 2210 235 2284 Quid
271 2212 352 2270 enirn
385 2213 508 2286 singula
542 2215 721 2288 designent,
756 2214 870 2290 quibus
903 2210 1007 2272 nuucb
1039 2213 1169 2286 utimur,
1209 2229 1228 2271 a

156 2312 314 2389 prioribus
337 2315 451 2374 nostris
475 2317 552 2376 satis
576 2318 761 2392 expolitum
784 2323 839 2376 est.
883 2317 1018 2376 Numero
1040 2320 1145 2375 autem
1168 2330 1227 2376 suo

158 2416 295 2491 antiquis
324 2418 527 2493 respondent:
556 2422 630 2494 qula
653 2420 733 2479 sicut
754 2420 796 2478 ibi
817 2419 935 2490 tunica,
961 2415 1227 2492 superhumeralis

157 2518 252 2595 linea,
276 2515 550 2594 superhumerale,
573 2522 738 2597 rationale,
764 2522 899 2592 balteus,
921 2520 1091 2595 feminalia,
1114 2519 1229 2597 thyara

158 2625 190 2679 et
212 2621 341 2692 lamina,
365 2621 410 2680 sie
432 2620 482 2680 hie
505 2620 684 2695 dalmatica,
707 2623 792 2694 alba,
817 2625 973 2698 mappula,
996 2623 1142 2697 orarium,
1166 2624 1227 2683 ain-

227 2871 302 2935 ³ltl¹‚
321 2877 419 2922 tantum
438 2871 515 2923 habel
534 2887 611 2937 papa;
629 2889 698 2926 omn.
717 2874 750 2926 al.
769 2892 820 2926 om.
837 2903 871 2910 —
893 2861 908 2902 ¹³
928 2890 966 2936 oe,
985 2874 1082 2924 utimur
1099 2887 1175 2923 nunc.
1196 2901 1228 2909 -

158 2955 169 2983 ⁰
186 2972 225 3019 oe,
242 2956 396 3020 expositum.

231 3195 239 3228 ¹
257 3190 405 3256 Stephanus
417 3195 433 3247 1.
452 3211 518 3260 papa
531 3198 673 3249 tal-257.
702 3198 764 3259 „Hic
783 3200 919 3262 constituit,
937 3196 1079 3248 sacerdotes
1098 3198 1122 3245 et
1138 3193 1229 3244 levitas

159 3283 188 3328 ul
205 3282 288 3328 vestes
310 3288 421 3333 sacratas
444 3284 470 3332 in
493 3299 541 3333 usu
568 3283 704 3335 cottidiano
723 3300 773 3335 non
792 3287 841 3349 uti,
864 3285 914 3334 nisi
933 3285 958 3333 in
978 3281 1110 3332 eeclesia.“
1146 3277 1229 3329 Duch.

161 3372 178 3433 l,
194 3373 250 3423 154.
287 3366 431 3436 (silvester)
450 3370 603 3430 „constituit
622 3375 648 3419 ut
668 3369 768 3420 diaconi
783 3370 933 3421 dalmaticas
944 3369 971 3418 in
983 3366 1091 3418 ecclesia
1104 3368 1231 3414 uterentur

159 3462 184 3507 et
201 3455 286 3521 pallea
304 3454 435 3504 linostima
452 3452 510 3503 leva
526 3469 615 3503 eorum
628 3460 797 3519 tegerentur.“
826 3454 906 3505 Duch.
923 3453 938 3513 l,
953 3453 1009 3503 171.
1027 3478 1060 3486 -
1080 3452 1091 3486 ²
1108 3447 1230 3515 Synodus

159 3541 319 3592 bracarensis
337 3555 404 3589 anno
423 3540 471 3591 675
490 3539 615 3591 celebrata
633 3541 762 3591 constituit
779 3554 834 3592 ean.
853 3539 910 3590 lv.:
930 3542 973 3599 „ut
990 3550 1049 3586 cum
1068 3532 1185 3584 sacerdos
1198 3531 1230 3581 ad

160 3625 287 3677 solemnia
305 3625 442 3674 missarum
466 3625 563 3677 accedit
592 3631 635 3676 aut
660 3641 706 3690 pro
730 3641 757 3675 se
781 3624 832 3675 Deo
851 3623 1005 3674 sacrificium
1030 3618 1163 3671 oblaturus
1187 3622 1231 3667 aut

161 3713 349 3760 sacramentum
368 3710 480 3774 corporis
499 3716 523 3761 et
541 3711 676 3774 sanguinis
695 3710 794 3760 domini
807 3706 953 3760 nostrilesu
966 3703 1060 3755 Christi
1073 3708 1231 3767 sumpturus,

160 3810 213 3845 non
231 3794 304 3846 aliter
322 3793 427 3844 accedat
445 3810 522 3859 quam
543 3797 625 3846 orario
644 3801 750 3860 utroque
773 3793 882 3843 humero
905 3790 1100 3854 circumseptus,
1124 3788 1190 3838 sieut
1208 3792 1232 3836 ot

160 3885 274 3945 tempore
293 3879 461 3936 ordinationis
479 3897 541 3933 suae
559 3881 717 3944 dignoscitur
734 3881 918 3929 consecratus.“
955 3874 1036 3925 Mansl
1055 3873 1095 3935 xl,
1110 3876 1166 3925 157.
