2768 4552
579 334 810 401 -28—.

152 500 225 578 quie
247 501 345 562 oratio
362 508 426 562 esta
448 502 512 562 oris
533 504 623 575 ratio,
647 509 677 563 et
692 520 753 562 non
768 509 888 563 tuntum
904 501 1028 561 humilis
1044 503 1223 576 postulatio,

151 618 261 664 verum
285 601 396 664 etiamr
419 601 616 666 rationabilis
645 604 830 679 intellegitur
858 605 917 665 hoo
944 604 1067 664 nomine
1096 607 1224 670 locutio.

153 707 226 766 [nde
249 712 306 784 est,
334 707 419 781 quod
449 707 536 782 primi
560 709 700 768 ordines⁰
722 708 752 766 iu
776 708 910 768 ecclesia
932 711 1058 765 utuntur
1080 705 1224 782 orariisd,

152 808 227 885 quia
250 809 287 867 ad
313 809 400 884 ipsos
428 809 559 883 pertinet
585 809 718 870 docendi
742 811 888 882 officium3
918 810 950 867 et
979 806 1092 881 publici
1116 809 1224 871 decie-

152 918 289 970 matores
312 924 350 969 ac
372 913 530 986 sapientes
553 913 722 973 dictionum
749 913 976 989 compositores
1000 917 1140 972 oratores
1164 930 1224 973 vo-

153 1019 270 1073 cantur.
308 1012 500 1087 Baptismum
518 1032 641 1091 quoque
665 1016 706 1075 ibi
723 1013 1018 1076 convenientissime
1035 1014 1224 1088 celebretur,

153 1115 227 1190 quie
254 1121 326 1174 ante
354 1115 588 1177 tabernaculum
612 1117 732 1178 labrum
756 1124 786 1177 et
809 1123 881 1177 ante
902 1115 1052 1194 templum
1074 1131 1162 1177 marc
1186 1135 1224 1179 ao

154 1217 261 1276 decem
296 1216 427 1278 luterese
461 1215 602 1293 positosf
635 1221 782 1294 legimus,
812 1222 843 1280 iu
873 1220 986 1296 quibus
1020 1224 1051 1278 et
1084 1217 1225 1281 oblaturi

154 1320 337 1380 sacerdotes
367 1325 398 1378 et
425 1321 621 1381 victimarum
644 1339 755 1383 carnes
782 1324 991 1383 lavarentur.1
1033 1321 1073 1380 Et
1095 1322 1223 1398 dignum

154 1425 291 1500 proiecto
314 1428 371 1496 est,
394 1424 479 1482 utin
504 1423 616 1484 Christi
637 1427 754 1501 templo
778 1423 936 1484 christiani
959 1431 1192 1499 regenerentur.

661 1801 716 1870 XI.

472 1969 565 2054 Quid
588 1972 664 2040 ilem
691 1993 757 2041 uon
783 1971 910 2041 debent.

220 2175 291 2233 Alie
321 2190 396 2234 vero
430 2175 625 2249 negotiorum
661 2175 828 2235 carnalium
867 2175 897 2231 in
930 2173 995 2233 Deo
1034 2178 1226 2237 consecratis

156 2274 306 2336 aedificiis
329 2290 426 2351 opera
447 2273 514 2334 fieri
537 2293 598 2336 non
623 2277 747 2349 debere,
770 2282 886 2337 utnon
911 2276 1021 2348 dicam,
1047 2292 1127 2352 quae
1152 2295 1226 2341 uus*

156 2393 250 2455 quem
281 2378 383 2451 licent,
418 2378 473 2438 sed
506 2383 536 2436 et
569 2378 723 2453 quaedam
755 2379 823 2452 alia,
858 2394 939 2453 quae
969 2374 1044 2438 alibi
1072 2380 1224 2442 interdum

155 2480 369 2540 veniabiliter&
397 2485 595 2553 exercentur,
624 2480 695 2540 inde
726 2478 936 2541 semorendeh
965 2482 1031 2555 ipse
1061 2479 1227 2545 Dominus¹

157 2583 303 2653 ostendit,
327 2598 395 2642 eum
417 2584 484 2642 zelo
508 2584 620 2642 domus
636 2583 693 2642 Dei
717 2584 827 2643 ductus
843 2585 1015 2644 vendentes
1031 2590 1061 2643 et
1084 2590 1226 2647 ementes

157 2685 246 2745 eiecit
270 2685 308 2744 de
331 2683 471 2760 tempio²
494 2690 524 2742 et
546 2701 602 2758 per
626 2684 808 2762 prophetam
832 2687 966 2761 quodum
992 2687 1061 2746 loeo
1085 2688 1228 2762 queritur

156 2788 278 2849 dicens:
302 2787 458 2861 „Dilectus
480 2804 563 2846 meus
585 2792 615 2848 tn
640 2790 727 2849 domo
745 2806 813 2848 meu
833 2791 914 2864 fecit
934 2791 1057 2848 scelera
1081 2794 1227 2852 molta.“³

156 2891 330 2967 Apostolus
376 2904 501 2965 quoque
541 2889 718 2952 Corinthios
746 2893 789 2962 in
835 2891 969 2951 ecclesia
1013 2891 1227 2954 dissensiones

155 2992 308 3053 habentes
337 2991 472 3065 itemque
504 2993 709 3053 convivantes
745 2994 884 3068 increpet
913 2992 1035 3052 dicens:
1073 2995 1227 3065 „Primum

155 3096 277 3172 quidem
301 3095 548 3154 convenientibus
571 3096 655 3154 vobis
678 3096 772 3156 audio
795 3097 947 3154 scissurus
970 3098 1074 3154 essc“4
1103 3102 1133 3154 et
1155 3096 1226 3156 reli·

157 3212 232 3273 qua,
266 3203 296 3255 et
329 3197 358 3254 in
391 3193 630 3273 sequentibusk:
666 3199 936 3272 „convenerimus
969 3215 1045 3273 erpo
1079 3201 1162 3260 vobis
1195 3202 1228 3261 in

225 3399 293 3459 ῧιοε,
311 3399 339 3450 id
356 3405 401 3451 est.
421 3430 452 3438 —
471 3388 485 3429 b
504 3418 544 3463 oe,
561 3406 593 3452 et.
611 3430 642 3438 —
662 3399 673 3427 ⁰
692 3401 737 3461 Mi,
758 3399 938 3464 primordines.
958 3428 989 3437 -
1006 3385 1020 3426 ‘¹
1039 3400 1084 3461 ml,
1103 3402 1228 3453 oratoriis.

157 3481 168 3510 ⁰
187 3484 232 3543 ml,
250 3483 350 3538 lateres.
367 3513 401 3524 -
418 3470 430 3512 f
446 3486 490 3548 Mt
509 3487 605 3551 positis.
623 3514 657 3523 —
675 3484 691 3525 Β
708 3500 746 3548 oe,
764 3484 908 3546 venialiter3
927 3484 973 3545 M¹‚
988 3485 1176 3537 venerabiliter.
1193 3514 1228 3524 -

157 3554 171 3594 h
189 3584 228 3630 oe,
246 3585 301 3621 esse
319 3571 454 3622 movenda.
471 3599 505 3609 -
523 3555 531 3597 ¹
550 3587 588 3633 oe,
607 3570 732 3619 Dominus
750 3569 813 3634 ipse.
830 3598 865 3606 -
882 3554 898 3597 ¹¹
916 3586 955 3634 oe,
973 3570 1198 3635 consequentibus.

1176 3678 1229 3685 —-

229 3726 238 3760 ¹
255 3723 337 3776 Exod.
354 3722 432 3786 XXX,
449 3725 480 3775 18
490 3738 545 3787 sqq.
569 3722 600 3772 ΙΙΙ
619 3722 681 3787 Reg.
700 3722 757 3783 VII,
777 3723 817 3774 38.
837 3750 868 3758 -
890 3721 1004 3773 ²Ioanu.
1023 3722 1053 3786 Il,
1073 3726 1104 3775 14
1117 3737 1175 3790 sqq.
1193 3753 1227 3763 —

158 3806 274 3859 ³Ierem.
292 3807 332 3870 Xl,
353 3810 392 3860 15.
420 3837 451 3844 —
480 3805 654 3867 ⁴1Cor.XI‚
678 3807 708 3858 18
736 3801 847 3875 Πρῶτον
875 3807 923 3873 μὲν
946 3806 996 3878 γὰρ
1020 3805 1225 3877 συνερχομένων

158 3887 232 3958 ὑμῶν
251 3890 278 3944 ἐν
298 3889 427 3961 ἐκκλησίᾳ
448 3889 537 3942 ἀκούω
557 3888 692 3960 σχίσματα
711 3887 738 3942 ὲν
757 3890 820 3959 ὑμῖν
840 3889 980 3962 ὑπάρχειν.
