2768 4552
646 350 857 410 ,32-

215 523 342 599 tempsit
363 528 395 581 et
417 521 531 583 abiecit
553 521 669 582 dicens¹
679 536 734 595 per
749 520 972 597 prophetamaz
1001 520 1143 597 „Reliqui
1164 521 1291 580 domum

215 643 324 702 meum,
349 626 450 685 dimisi
468 626 694 684 haereditatem
717 625 866 700 meum“¹,
890 629 919 682 et
942 639 1055 699 perse
1079 624 1197 698 Ipsum:
1220 640 1292 694 „rc-

135 749 138 754 ·
217 728 376 804 linquetur
400 728 482 787 uobis
498 728 604 787 domus
627 733 731 786 uestro
755 727 923 786 urserru.“2
959 725 1041 800 Ergo
1065 732 1192 803 propter
1215 740 1293 800 pec-

216 836 288 891 cata
311 827 469 889 hominum
495 830 563 889 loca
586 843 677 887 sacra
701 843 720 886 a
744 830 802 887 deo
826 829 947 903 neglegi
970 828 1059 886 testIs
1082 834 1130 887 est
1152 843 1226 888 arca
1249 827 1290 886 ab

214 931 368 1006 allophilis
393 932 517 1005 captat
543 933 689 1007 ternplum
714 931 828 991 totiens
852 947 998 991 eversum
1014 932 1066 990 vel
1090 932 1290 1006 profanatum

214 1041 245 1094 et
268 1036 382 1094 multae
398 1033 646 1093 IchrIstianorum
664 1034 817 1094 ecclesiae
836 1049 920 1094 nunc
942 1050 961 1093 a
985 1033 1125 1092 barbaris
1141 1039 1290 1092 vastatae

213 1138 265 1197 vel
289 1136 472 1208 subversae,
496 1151 578 1195 nuuc
601 1131 725 1211 ignibus
741 1136 792 1195 vel
816 1136 995 1195 fulminibus
1012 1136 1183 1207 desolatae,
1207 1150 1292 1195 nunc

214 1235 455 1299 terraemotibus
488 1238 540 1300 vel
573 1237 748 1298 turbinibus
780 1238 911 1297 dirutae.
954 1237 1044 1297 Unde
1076 1244 1107 1297 et
1135 1237 1291 1297 Dominus

215 1357 272 1417 per
286 1340 475 1400 Hieremiam
497 1340 653 1417 peccatori
677 1341 795 1417 populo
813 1340 1031 1400 confidentiam
1051 1341 1102 1400 vel
1121 1340 1289 1400 maximam

217 1443 315 1502 aulert
347 1443 490 1502 dicens4:
527 1441 645 1515 „Nolite
678 1443 834 1515 confidere
865 1445 895 1502 io
925 1444 1025 1502 uerbis
1052 1443 1215 1522 :mendacii
1243 1443 1291 1501 ur·-

217 1551 338 1605 centes:
360 1548 504 1620 templum
526 1545 658 1618 Domini,
684 1548 828 1619 templum
844 1545 979 1620 Domini,
1005 1547 1149 1620 templum
1168 1544 1293 1605 Domini

216 1650 277 1707 est“
304 1653 363 1706 etc.
407 1647 473 1707 Non
502 1649 604 1706 solum
634 1651 737 1706 autern
760 1646 816 1706 Dei
847 1643 1083 1722 protectionem,
1110 1645 1166 1705 sed
1196 1646 1291 1706 etiam

216 1750 395 1824 angelorum
419 1751 592 1812 custodiam
618 1760 648 1809 et
672 1754 850 1809 sanctorum
869 1765 1010 1809 curama
1031 1750 1109 1810 locis
1133 1749 1291 1823 quondam

217 1851 333 1911 sanctis
356 1852 528 1925 discedere,
552 1867 623 1912 cum
647 1852 732 1927 prIus
757 1851 951 1912 habitatores
970 1855 1019 1911 vel
1044 1852 1181 1911 cultores
1205 1853 1291 1912 loco·

216 1969 285 2012 rum
313 1969 332 2012 a
358 1954 423 2014 Deo
454 1954 668 2026 discesserint,
704 1971 743 2014 ex
771 1970 809 2014 eo
833 1960 951 2015 certum
982 1961 1043 2027 est,
1075 1954 1159 2028 quod
1190 1955 1292 2014 omnis

217 2055 326 2116 militia
349 2067 529 2117 sanctorum
547 2058 625 2117 solio
649 2056 706 2116 Dei
729 2056 858 2130 assistit,
881 2062 912 2115 et
933 2057 986 2117 ubi
1011 2058 1092 2117 Deus
1107 2073 1167 2116 non
1192 2056 1292 2130 luerit,

217 2154 261 2217 ibi
285 2174 437 2220 essenon
461 2165 605 2236 possunt.
644 2159 823 2218 Secundum
847 2160 963 2234 gratiae
979 2160 1191 2220 ostensionem
1212 2160 1293 2231 dico,

217 2276 276 2320 non
301 2262 474 2322 secundum
491 2261 613 2322 divinae
636 2261 793 2336 potentiae
810 2260 1058 2335 immensitatem,
1082 2259 1162 2337 quai
1185 2278 1290 2338 neque

216 2363 420 2424 infernalibus
449 2364 551 2436 deest,
580 2363 634 2438 qui
662 2364 781 2422 caelum
811 2364 917 2440 implet
945 2380 981 2423 ac
1009 2372 1133 2423 terram.
1180 2362 1308 2424 Scribit·

217 2465 330 2526 etiamc
362 2465 535 2542 Iosephus,
573 2465 752 2525 imminente
786 2472 914 2541 propter
947 2473 1076 2542 peccata
1113 2466 1200 2526 urbis
1239 2484 1294 2526 ex·

218 2566 299 2626 cidi0
341 2569 481 2629 auditam
521 2568 619 2628 fuisse
658 2568 822 2629 custodum
859 2568 1058 2630 invisibilium
1102 2584 1213 2629 vocem
1253 2569 1292 2629 de

218 2669 416 2730 interioribus
446 2671 569 2748 templi:
607 2675 802 2730 transeamus
836 2689 877 2730 eu
906 2674 953 2731 his
984 2673 1133 2732 tectibus5
1183 2673 1293 2748 Neque

217 2787 294 2832 vero
325 2789 419 2834 sacra
448 2775 518 2834 loca
550 2772 608 2832 illis
637 2780 781 2847 prosunt,
813 2775 866 2850 qui
901 2775 1097 2834 sanctitatem
1131 2775 1293 2850 proiciunt,

218 2874 299 2935 sicut
340 2891 399 2934 nec
431 2878 500 2936 loca
537 2874 665 2934 horrida
699 2876 814 2935 obsunt
850 2875 913 2950 his,
952 2876 1003 2951 qui
1035 2877 1156 2937 Domini
1193 2878 1293 2952 gretia

218 2983 433 3053 proteguntur.
468 2977 545 3037 Nam
570 2984 600 3036 et
622 2977 652 3035 in
675 2978 834 3052 praedicta
857 2978 1051 3039 Hierusalem
1076 2981 1292 3053 subversione,

221 3131 426 3144 ———

287 3227 301 3256 ⁸
317 3245 356 3293 oe,
374 3245 419 3294 per
438 3229 553 3295 prophet.
572 3230 669 3284 dicens.
686 3261 720 3269 -
738 3217 752 3257 b
771 3246 808 3294 oe,
827 3231 896 3298 quia.
917 3257 947 3266 -
965 3229 976 3256 ⁰
994 3247 1032 3293 oe,
1050 3233 1129 3284 enim.

290 3413 413 3467 ¹Jerem.
432 3415 484 3480 XII,
504 3421 527 3469 7.
554 3447 585 3456 -
615 3416 737 3468 2Matrh.
754 3415 838 3479 XXIII,
858 3418 897 3469 38.
926 3423 964 3454 -’
987 3420 998 3456 ³
1021 3416 1112 3483 IReg.
1130 3418 1174 3480 IV,
1194 3423 1234 3472 11.
1258 3449 1292 3458 —

220 3497 341 3552 ⁴Jerem.
353 3499 406 3564 Vll,
423 3506 446 3554 4.
465 3504 551 3555 tertio:
571 3503 725 3567 „Templum
745 3501 888 3552 domomini
906 3506 958 3552 est“
978 3518 1029 3554 om.
1048 3518 1085 3553 oe.
1103 3531 1138 3541 -
1157 3509 1167 3543 ὅ
1184 3504 1236 3556 Jos.
1256 3505 1292 3556 De

218 3582 287 3634 bello
305 3582 359 3635 iud.
378 3584 396 3636 l.
416 3585 459 3647 VI,
478 3601 498 3638 c.
518 3591 541 3651 5,
561 3589 575 3639 3
599 3585 669 3637 κατὰ
688 3583 717 3636 δὲ
736 3585 786 3654 τὴν
805 3584 909 3655 ἑορτήν,
927 3584 944 3655 ἣ
965 3581 1139 3657 Πεντηκοοτὴ
1158 3587 1291 3652 καλεῖται,

221 3667 326 3740 νύκτωρ
347 3667 373 3721 οἱ
391 3667 475 3740 ἱερεῖς
494 3668 680 3740 παρελθόντες
700 3669 738 3726 εἰς
757 3671 789 3723 τὸ
809 3669 881 3723 ἔνδον
901 3669 982 3741 ἱερόν,
1007 3672 1096 3741 ὥσπερ
1116 3671 1208 3729 αὐτοῖς
1227 3670 1291 3730 ἔθος

219 3750 252 3819 ἦν
271 3754 338 3824 πρὸς
357 3755 407 3812 τὰς
427 3755 603 3825 λειτουργίας,
629 3761 735 3822 πρῶτον
760 3755 809 3824 μὲν
827 3755 956 3824 κινήσεως
982 3756 1169 3824 ἀντιλαβέσθαι
1190 3756 1291 3827 ἔφασαν

219 3835 264 3888 καὶ
290 3836 406 3904 κτύπον,
432 3840 501 3908 μετὰ
526 3839 554 3890 δὲ
582 3842 668 3890 ταῦτα
695 3840 740 3892 καὶ
768 3845 858 3911 φωνῆς
888 3838 1007 3909 ἀθρόας·
1037 3840 1291 3911 μεταβαίνομεν

220 3917 390 3978 ἐντεῦθεν.
