2768 4552
580 304 790 368 -10-'

154 492 247 550 quam
276 477 305 535 in
335 482 453 553 partem
486 479 633 538 orationis
658 481 726 539 loca
750 486 982 548 converterent,
1006 480 1080 538 dum
1102 486 1222 539 tantum

153 579 320 652 moerente,
344 580 396 638 ubi
418 580 594 639 eliminatae
618 589 690 640 sunt
706 582 895 642 daemonum
913 583 1034 652 sordes,
1058 582 1098 642 ibi
1121 583 1222 642 Deum

154 682 290 740 omnium
316 679 512 754 creatoraml,
536 684 587 759 qui
603 684 718 759 ubique
735 690 792 747 est,
818 685 875 742 coli
891 689 921 743 et
937 685 1070 744 adorari.
1109 686 1223 759 Quam-

155 801 247 859 quam
271 784 374 859 itaque
398 788 524 861 sapiens
547 786 637 856 dicat,
660 802 720 846 nos
749 787 788 846 ad
818 786 966 845 orientem
992 787 1069 844 lucis
1093 772 1223 848 adorare

156 888 253 945 Deum
262 889 281 958 1,
305 894 336 946 et
357 904 468 948 revera
492 905 660 963 congruum
687 896 735 949 est
758 896 789 948 et
804 889 922 949 salubri
938 905 1025 950 more
1041 889 1223 961 institutum,

153 996 187 1048 ut
211 990 360 1050 orientem
383 1005 496 1051 versus
520 993 615 1051 iacies
639 994 756 1052 orando
779 999 955 1065 vertamus
985 993 1059 1067 quia
1081 994 1161 1051 sicut
1184 992 1223 1050 ab

156 1092 273 1152 oriente
309 1093 384 1151 lueis
414 1094 580 1152 adventum
612 1095 800 1170 suscipimus
832 1109 1009 1172 corporeae,
1033 1094 1127 1153 sicin
1152 1110 1222 1153 ora·

153 1194 291 1254 tionibus
316 1194 488 1254 inluminari
513 1172 686 1270 supernos
710 1199 827 1256 vultum
851 1196 934 1257 illius
950 1196 1160 1272 deposcimus,
1184 1197 1223 1255 de

154 1313 216 1372 quo
251 1297 398 1372 scriptum
433 1305 493 1357 est:
526 1316 618 1375 „ecce
650 1303 712 1374 rtr,
752 1299 860 1359 Oriens
899 1316 1007 1359 nornen
1041 1301 1136 1374 eics“‚
1176 1306 1224 1358 et:

153 1403 304 1474 „visitavit
332 1416 387 1458 nos
413 1400 522 1460 Oriens
551 1419 592 1460 err
621 1403 738 1471 olto“²‚
767 1409 870 1460 tamen
901 1403 973 1476 quia
1004 1408 1033 1460 et
1061 1401 1165 1476 templi
1193 1407 1224 1460 et

155 1502 347 1561 tabernaculi
371 1503 511 1564 introitus
534 1504 572 1563 ab
596 1504 712 1563 oriente
736 1505 800 1573 luit,
825 1504 876 1562 ubi
893 1510 924 1562 et
940 1505 1037 1562 altare
1055 1512 1085 1563 et
1101 1503 1220 1562 labrum

155 1610 221 1664 erat
255 1611 285 1664 et
315 1621 423 1664 omnes
451 1608 647 1666 victimarum
677 1615 707 1666 et
737 1606 956 1666 sacrificiorum
987 1607 1065 1665 ritus
1099 1605 1224 1680 fiebant,

156 1716 272 1768 certum
303 1713 366 1779 est,
399 1710 429 1767 in
459 1714 590 1784 utroque
621 1709 659 1767 ab
689 1711 806 1768 oriente
837 1711 951 1768 multos
982 1723 1091 1768 orasse
1115 1715 1224 1766 contra

156 1811 359 1870 occidentem.
405 1811 563 1887 Siquidem
588 1818 619 1870 ei
642 1811 787 1873 Salomon
805 1812 956 1871 dedicans
972 1812 1119 1884 templum
1137 1811 1224 1869 stetit

156 1920 227 1972 ante
252 1916 347 1972 altare
371 1919 402 1973 et
418 1915 556 1973 extendit
570 1932 681 1975 manus
696 1916 726 1973 in
743 1917 859 1974 caelum
878 1920 909 1973 et
924 1913 1030 1972 effudit
1047 1914 1223 1973 orationem

519 2121 531 2160 b

224 2130 292 2191 ace,
311 2132 448 2183 videretur.
466 2162 499 2168 —
550 2148 588 2191 oe,
606 2137 743 2183 creatorem
763 2133 889 2184 omnium.

228 2351 486 2416 1Sapienshicvir‚
510 2367 585 2420 quem
611 2353 699 2403 laudat
723 2354 880 2404 Walalridus
906 2354 1096 2418 intellegendus
1123 2359 1172 2414 est,
1195 2360 1224 2405 ut

155 2436 258 2499 opinor,
286 2435 408 2500 Origenes
432 2441 475 2486 aut
493 2437 675 2489 Tertullianus.
717 2437 830 2504 Uterque
856 2440 925 2490 enim
952 2445 1135 2490 commemorat
1161 2454 1224 2489 con-

155 2521 316 2572 suetudinem
329 2513 532 2573 Christianorunr
547 2539 635 2573 versus
650 2525 773 2574 orientem
785 2525 883 2575 orandi.
910 2524 1084 2575 Tertullianus
1099 2524 1222 2593 (Apolog.

154 2621 193 2670 cp.
211 2605 281 2674 xvi)
302 2607 375 2658 dicit:
395 2607 527 2672 „Denique
543 2608 603 2658 inde
620 2610 732 2673 suspicio
752 2610 821 2674 quod
838 2612 977 2660 innotuerit
999 2625 1046 2660 nos
1069 2609 1101 2659 ad
1119 2611 1222 2660 orientis

154 2693 286 2756 regionem
304 2693 428 2756 precari.“
464 2692 534 2743 ldem
554 2709 632 2758 prope
654 2695 729 2745 refert
746 2693 869 2760 Origenes
888 2695 923 2746 De
942 2701 1003 2747 orat.
1021 2710 1059 2760 ep.
1079 2697 1123 2746 32:
1143 2694 1223 2757 „illuc

154 2793 201 2828 nos
220 2776 362 2840 symbolice
380 2793 531 2839 conversos,
553 2780 639 2828 anima
661 2780 713 2831 veri
737 2779 843 2830 luminis
861 2786 945 2830 ortum
964 2779 1044 2830 veluti
1062 2781 1220 2845 respiciente,

154 2878 225 2912 orare
244 2862 362 2914 debere.“
380 2891 414 2899 -
432 2863 528 2912 Auctor
547 2862 647 2924 Quaest.
666 2869 690 2914 et
708 2865 783 2927 Resp.
802 2864 835 2917 ad
853 2864 1023 2924 orthodoxos,
1042 2879 1108 2929 quae
1125 2864 1221 2915 Iustino

153 2949 224 2998 Mart.
243 2948 308 2998 salso
327 2948 514 3009 adscribuntur,
533 2949 593 2998 dicit
611 2949 712 3010 Quaest.
732 2951 792 3002 118:
818 2965 887 3011 ‚,cur‚
906 2954 933 2999 ut
951 2965 1016 3014 opus
1033 2951 1180 3002 venerabile
1198 2957 1222 3002 et

154 3034 195 3083 dei
222 3033 308 3083 sedem
334 3032 457 3084 habentes
478 3048 535 3082 eam
556 3040 652 3098 partem
675 3050 740 3099 quae
764 3034 796 3084 ad
819 3033 900 3084 solem
923 3036 1005 3098 posita
1027 3041 1076 3095 est,
1104 3035 1137 3085 ad
1162 3051 1220 3087 eam

154 3119 304 3182 respicimus
314 3132 372 3167 cum
383 3116 496 3183 hymnos
506 3124 530 3169 et
538 3134 625 3184 preces
636 3119 683 3169 deo
693 3118 859 3169 offerimusi“
886 3119 962 3184 Resp.
979 3120 1220 3182 „Quemadmodum

153 3203 243 3253 dextra
267 3217 345 3252 manu
371 3203 398 3252 in
426 3204 529 3254 nomine
548 3202 641 3254 Christi
665 3203 848 3267 consignamus
869 3219 926 3263 eos,
950 3206 994 3269 qui
1017 3204 1067 3255 hoc
1085 3205 1220 3269 signaculo

153 3287 285 3352 indigent,
305 3289 366 3353 quia
383 3287 557 3340 honorabilior
575 3291 734 3340 existimatur
753 3304 830 3353 quam
849 3287 935 3351 laeva,
955 3292 1073 3354 quamvis
1092 3292 1149 3353 situ,
1168 3307 1219 3341 non

153 3379 244 3424 natura
262 3373 372 3435 differet;
397 3376 431 3424 ita
454 3377 552 3436 oriens,
577 3381 604 3425 ut
627 3389 685 3439 pars
708 3373 799 3424 mundi
816 3376 992 3439 praestantior,
1011 3375 1043 3425 ad
1062 3375 1138 3425 deum
1157 3376 1220 3425 ado·

153 3458 262 3508 randum
286 3464 323 3508 est
345 3460 511 3510 destinatus.“
548 3459 612 3520 Otto,
629 3459 718 3509 Iustini
736 3474 794 3524 opp.
812 3459 849 3511 111.
865 3463 887 3512 1.
905 3477 930 3525 p.
945 3462 1002 3512 193.
1042 3459 1132 3510 Plures
1155 3461 1220 3511 alios

153 3542 225 3592 affert
253 3542 406 3595 Thomcsr'us
433 3545 525 3597 Iacob.
580 3544 616 3594 Dc
643 3547 692 3593 ritu
724 3549 839 3594 veterum
871 3543 1066 3595 christianorum
1098 3546 1226 3609 precandi¹

152 3643 241 3678 versus
259 3630 390 3681 orientem.
411 3633 482 3681 17711.
519 3629 645 3695 eriptam
663 3629 716 3680 Ios.
735 3627 857 3693 Origenes
876 3630 930 3679 sive
948 3631 1063 3694 antiquit.
1082 3629 1219 3685 ecclesiast.

154 3712 232 3762 Halae
253 3715 325 3766 1727.
350 3713 394 3765 lib.
413 3714 474 3764 Xlll.
494 3729 532 3778 cp.
550 3712 614 3764 Vlll.
633 3713 648 3780 ξ
668 3717 706 3765 15.
751 3714 818 3764 Vide
845 3716 920 3764 etiam
951 3713 1093 3780 Tkollrofcr
1122 3714 1218 3768 Valeat.

152 3795 297 3850 Handbuch
316 3799 362 3849 der
380 3798 450 3850 irath.
464 3798 581 3862 Liturgilr
594 3802 614 3849 1.
633 3815 656 3864 p.
670 3801 719 3851 605
730 3799 755 3850 11.
774 3828 805 3836 -
827 3802 838 3836 ²
855 3798 960 3849 Zachar.
978 3798 1019 3861 vl,
1035 3802 1065 3851 12
1084 3800 1126 3851 cir.
1139 3800 1179 3865 111,
1190 3801 1217 3851 8:

152 3897 208 3933 ecce
227 3885 295 3934 enim
314 3899 363 3948 ego
381 3882 509 3933 adducam
528 3899 630 3935 servum
651 3900 737 3936 meum
756 3883 892 3934 Orientem.
928 3884 988 3935 Luc.
1002 3884 1019 3947 l,
1030 3886 1071 3936 78.
