2768 4552
579 347 788 405 ,14-

152 520 226 581 tuba
248 537 359 582 rocem
388 518 630 597 praedicationis
660 517 800 576 exaltare
830 516 980 589 iubatum,
1010 532 1147 592 congrue
1170 513 1221 574 his

150 624 237 682 vasis
262 625 376 684 utimur
399 622 428 680 in
445 621 670 681 convocatione
685 618 830 691 fidelium,
854 627 887 678 ut
904 619 1094 694 praedicatio
1112 623 1225 677 nostra

152 724 181 782 in
206 725 338 785 ecclesia
368 725 398 782 in
421 734 548 799 argento
572 738 662 797 pura,
691 719 720 779 in
751 738 823 782 aere
851 722 1042 797 significetur
1071 719 1224 779 durabilis

154 832 184 886 et
206 843 331 899 sonora,
354 826 385 884 ld
408 833 469 900 est,
498 832 531 885 ut
553 840 610 884 nec
639 823 797 885 haeretica
821 825 962 884 loedetur
983 824 1141 899 rubigine,
1165 838 1225 882 nec

154 929 360 1004 negligentiae
388 931 522 990 lassetur
553 924 726 1003 pigridinel,
760 941 818 985 nec
850 925 985 986 lrumana
1008 925 1226 1003 supprimatur

153 1032 343 1093 lornridine.¹

661 1355 719 1422 Vl.

157 1525 329 1618 Eapoot'lio
343 1526 505 1594 nominum
519 1525 727 1616 quorundam
740 1525 852 1592 sacris
864 1523 964 1592 rebus
982 1523 1222 1592 adiacentium.
1248 1554 1251 1558 >

217 1728 304 1788 Haec
328 1744 346 1787 a
369 1727 470 1799 nobis
493 1734 527 1786 ut
549 1728 716 1803 potuimus,
740 1727 822 1786 dicta
845 1735 933 1801 sunt;
957 1742 1038 1785 nunc
1062 1727 1101 1784 de
1125 1723 1225 1782 nomi-

155 1829 258 1903 nibus,
289 1846 369 1907 quae
400 1830 475 1906 ipsis
504 1831 603 1890 sacris
631 1815 707 1889 loci's
736 1831 786 1888 vel
816 1829 964 1889 aedificiis
997 1844 1056 1887 non
1085 1825 1224 1896 lortuito,

156 1933 212 1992 sed
235 1933 459 1994 rationabiliter
488 1931 632 2009 imposita
656 1938 739 2004 sunt,
765 1948 865 2008 pauca
889 1932 1038 1998 dicamus,
1063 1936 1094 1990 ut
1117 1929 1225 2000 lector,

154 2035 226 2095 dum
256 2051 370 2096 causas
401 2034 612 2094 aedificiorum
644 2041 673 2092 et
701 2034 832 2095 exordia
861 2034 1014 2102 didicerit,
1051 2049 1106 2094 our
1129 2033 1226 2091 etiam

155 2137 197 2197 ita
220 2140 268 2198 vel
292 2139 334 2197 ita
357 2137 439 2196 dicta
463 2136 532 2207 sint,
555 2137 657 2211 possit
680 2137 855 2196 advertere.

219 2240 373 2310 Ecclesia,
408 2239 508 2314 quodc
539 2255 684 2315 graecum
719 2255 831 2299 nornen
866 2244 913 2300 est
947 2246 977 2298 et
1004 2240 1227 2315 interpretatur

156 2342 340 2402 convocatio
364 2344 414 2401 vel
438 2349 620 2408 conventus,
645 2358 713 2401 cum
738 2342 779 2402 sit
800 2344 850 2401 vel
867 2343 1022 2417 generalis
1045 2349 1226 2402 sanctorum

156 2445 273 2516 unitaS,
304 2445 334 2504 in
364 2462 426 2504 una
456 2444 517 2505 fide
545 2451 575 2503 et
604 2444 766 2504 dilectione
796 2445 975 2515 coniuncta,
1004 2444 1087 2503 unde
1111 2457 1172 2501 una
1195 2448 1228 2500 ct

157 2545 308 2606 catholica
335 2547 446 2608 dicitur
474 2548 622 2617 ecclesia,
653 2549 703 2605 vel
734 2547 925 2622 singulorum
954 2546 1088 2607 societas
1117 2552 1227 2605 sancta

157 2650 306 2726 locorum,
330 2651 411 2713 unde
434 2657 464 2710 et
487 2651 602 2711 multae
626 2649 768 2709 dicuntur
791 2651 953 2710 ecclesiae.
991 2651 1106 2710 Tamen
1132 2648 1224 2709 etiarn

157 2751 227 2826 ipsa
250 2753 368 2821 domus,
393 2751 422 2810 in
447 2768 510 2829 qua
534 2753 572 2812 ad
596 2753 702 2813 divina
724 2755 773 2812 rel
796 2754 947 2813 discenda
970 2757 1018 2812 vel
1035 2752 1228 2813 celebranda

159 2854 303 2916 convenit
326 2855 488 2915 multitudo
511 2855 656 2932 fidelium,
680 2856 813 2916 ecclesia
835 2863 974 2927 vocatur,
999 2872 1018 2914 a
1040 2873 1072 2916 re
1090 2871 1169 2933 quae
1186 2855 1229 2914 ibi

158 2957 282 3031 geritur,
304 2957 376 3018 illud
400 2959 591 3018 vocabulum
615 2955 793 3019 mutuansd.
844 2960 960 3020 Horum
985 2960 1127 3034 exempla
1151 2975 1230 3033 apo-

158 3061 258 3120 stolus
280 3059 418 3122 insinuat
440 3060 563 3121 dicens:
593 3071 644 3137 „ul
667 3063 829 3123 exhiberet
849 3065 909 3123 sibi
929 3065 1100 3138 pluriorem
1124 3062 1231 3120 ecclc-

157 3165 244 3240 siom,
273 3181 335 3224 non
363 3164 526 3225 habentem
555 3167 711 3224 maculam
739 3182 839 3240 nepae
866 3167 1024 3240 rapam“2;
1054 3173 1099 3226 ct:
1129 3167 1232 3235 ‚stent

158 3261 354 3343 inssomnibos
382 3270 522 3328 ecclesiis
547 3275 726 3328 sanctorum
756 3269 898 3347 docco“³;
932 3275 976 3328 et:
1009 3270 1172 3343 „moderes
1200 3270 1231 3325 in

227 3431 240 3459 ³
258 3449 295 3492 oe,
309 3434 387 3487 iubet.
398 3423 454 3472 -b
473 3452 511 3497 oe,
524 3435 689 3500 pigritudine.
699 3434 752 3472 -ὓ
770 3453 808 3488 oe.
821 3436 936 3501 quidem.
947 3423 1002 3473 -d
1020 3452 1058 3499 oe,
1071 3439 1233 3487 mutuamus,

159 3540 371 3547 —---—-—-.
394 3543 535 3548 ...——-
715 3544 823 3550 —m
868 3546 877 3549 ,
1130 3541 1233 3548 ᾖ...

231 3592 240 3626 ¹
261 3587 298 3640 De
324 3587 373 3639 hac
400 3590 505 3639 materia
531 3589 613 3639 luslus
639 3590 723 3653 agitur
749 3592 776 3640 iu
809 3591 864 3642 oue
888 3591 987 3652 Heius,
1016 3587 1160 3640 Handbuch
1187 3588 1234 3638 der

160 3671 252 3725 kirchl.
277 3673 540 3738 Kunstarchaeologie
563 3673 587 3726 d.
611 3673 752 3726 deutschen
776 3675 941 3729 Mitlclalters.
977 3680 1001 3728 4.
1020 3673 1091 3726 Auss.
1127 3673 1233 3739 Leipzig

162 3759 302 3811 1863-68.
332 3757 455 3811 lnbthl.
492 3760 566 3811 Idem
584 3757 798 3815 Gloclrenlrunde.
822 3764 846 3812 2.
865 3759 935 3813 Auss.
971 3761 1078 3826 Leipzig
1098 3761 1172 3811 1884.
1201 3787 1232 3795 -

163 3843 256 3908 ²Eph.
274 3843 307 3906 V,
320 3846 362 3896 27,
381 3873 414 3881 —
433 3848 443 3882 ³
461 3842 592 3908 lCor.IV‚
608 3847 647 3898 Π.
670 3842 762 3903 καθὼς
788 3849 927 3917 πανταχοῦ
951 3842 977 3895 ἐν
1006 3844 1078 3915 πάσῃ
1097 3841 1229 3912 ἐκκλησίᾳ

164 3925 288 3983 διδάσκω.
323 3927 404 3993 Vulg.
422 3930 487 3979 sicut
505 3930 601 3996 ubique
618 3931 644 3980 in
663 3932 734 3981 omni
752 3932 859 3983 ccclesia
877 3933 964 3986 doceo.
