2768 4552
647 343 859 403 „43-

217 515 341 587 factum
373 529 413 572 ex
441 515 583 589 muliere,
616 516 740 588 factum
771 514 826 572 sub
858 515 950 588 lepe¹‚
984 515 1081 589 primo
1116 514 1294 575 secundum

220 599 301 689 'regis
335 621 450 675 statuta
484 615 715 690 circumcisum,
749 631 787 674 ac
824 611 974 691 deinceps
1008 617 1048 674 ad
1082 617 1293 690 expletionem

222 718 323 777 omnis
355 718 488 776 iustitiae
517 718 636 777 lavacri
665 717 811 776 salutaris
842 717 965 776 subisse
995 717 1149 792 nobisque
1178 734 1293 778 conse-

222 834 328 879 crasse
352 820 529 895 primordia.
567 819 649 895 Ergo
676 834 693 876 a
715 819 827 878 ieiunis
851 835 975 894 semper
998 821 1147 880 celebrari
1173 820 1292 881 debere

221 921 328 979 eadem
354 926 549 981 sacramenta
573 927 602 979 et
625 921 781 994 generatis
804 921 898 981 totius
923 923 983 980 iam
1008 922 1191 998 comprobat
1206 939 1291 1006 usus

220 1022 372 1083 ecciesiae
408 1027 439 1081 et
469 1021 589 1080 edictaa
620 1023 731 1098 synodi
769 1023 966 1082 bracarensis
1001 1024 1200 1096 ostendunt²‚
1236 1025 1290 1084 ubi

220 1126 311 1184 etiam
345 1140 440 1199 supra
468 1132 638 1184 memorata
669 1125 700 1184 in
727 1126 776 1184 die
805 1141 921 1184 caenae
951 1126 1127 1185 dominicae
1151 1142 1291 1186 commu-

220 1227 331 1286 nicatio
360 1233 430 1301 post
458 1227 594 1285 solutum
628 1227 775 1287 ieiunium
812 1227 1019 1286 anathematis
1051 1228 1290 1304 interpositione

219 1328 395 1388 absciditur.
442 1328 475 1388 Si
497 1329 602 1404 itaque
626 1330 676 1388 ilio
703 1330 752 1387 die
776 1338 849 1404 post
871 1329 1032 1405 prandium
1055 1330 1290 1407 communicare
1336 1342 1339 1347 '

219 1448 277 1490 non
303 1431 382 1498 iicet,
403 1429 450 1490 cui
475 1436 505 1488 et
527 1434 699 1508 exemplum
718 1432 840 1491 Domini
863 1438 892 1490 et
915 1431 1108 1505 quorundam
1133 1447 1287 1491 assensus

219 1530 383 1603 suffragari
413 1531 592 1602 videbatur,
624 1536 719 1594 multo
747 1535 849 1593 minus
880 1534 948 1592 aliis
982 1532 1172 1609 temporibus
1202 1533 1286 1608 licet,

218 1633 330 1708 quibus
352 1632 465 1691 horum
487 1641 628 1695 neutrum
654 1637 854 1709 cognoscitur
869 1635 1060 1696 attributum.
1099 1635 1164 1692 Hoc
1180 1641 1287 1693 autem

217 1737 260 1794 ita
282 1734 347 1792 fieri
371 1751 431 1793 non
461 1737 560 1796 solum
590 1735 739 1797 honestas
763 1737 957 1806 sobrietatis
983 1753 1153 1813 perquam
1177 1751 1288 1811 recep-

217 1838 322 1895 tacula
350 1844 510 1912 pectorum
541 1845 644 1898 tantae
676 1841 827 1900 sanctitati
856 1839 1074 1914 percipiendae
1103 1840 1287 1914 praeparari

218 1940 371 2015 convenit,
396 1955 433 1998 ne
457 1940 482 1999 si
507 1942 630 2014 indique
651 1949 793 2003 scopatur
814 1946 845 2001 tn
869 1943 1013 2003 iudicium
1038 1945 1177 2000 transeut
1191 1943 1286 1999 merit

219 2045 321 2110 cinass,
350 2043 407 2101 sed
437 2043 529 2101 etiam
557 2043 635 2103 ratio
665 2045 861 2104 necessitatis
885 2059 1000 2118 magna
1022 2042 1186 2118 poscebat,
1210 2042 1287 2118 quia

216 2145 362 2204 videlicet
384 2146 571 2219 prandentes
597 2152 668 2204 ante
693 2129 1001 2207 communicationem
1025 2144 1220 2222 proficiente,
1251 2151 1287 2204 ut

217 2247 345 2318 adsolet,
368 2247 397 2305 in
421 2247 508 2320 peius
525 2248 606 2305 maia
624 2249 848 2309 consuetudine
873 2250 911 2308 de
933 2248 1037 2323 parvis
1059 2244 1282 2304 resectionibus

218 2365 318 2423 usque
339 2349 376 2406 ad
395 2347 553 2407 ebrietatis
570 2347 758 2423 ingluviemb
774 2351 927 2410 interdum
953 2351 1119 2425 prolapsos
1135 2347 1281 2406 credibile

216 2457 279 2526 est3
305 2450 427 2537 etquid
445 2458 504 2508 tam
522 2451 701 2522 absurdum,
719 2459 901 2528 quamtunc
925 2451 1140 2527 spiritaiem
1165 2454 1284 2524 atque

216 2552 375 2611 vitatem
394 2552 596 2627 percipere
612 2555 766 2625 victum,
780 2571 849 2614 cum
863 2571 902 2613 ex
918 2555 1073 2613 nimietate
1089 2552 1281 2626 ingestorum
1326 2618 1332 2631 .

216 2670 272 2714 nec
289 2655 459 2728 corporalia
483 2654 630 2714 alimenta
653 2660 754 2730 potest
778 2659 958 2733 crapulatus
979 2655 1116 2714 honeste
1130 2654 1285 2713 tractare?

216 2757 385 2831 Apostolus
415 2761 516 2814 antem
541 2759 689 2834 praecipit
713 2760 838 2818 dicens:
867 2761 986 2832 „omniu
1013 2758 1135 2816 cestrai
1157 2757 1284 2814 honeste

215 2865 246 2916 et
265 2859 431 2917 secandum
454 2860 591 2918 ordinem
614 2863 742 2932 fiantf‘t
780 2861 862 2935 Quae
880 2859 1117 2927 moderationes
1138 2859 1283 2934 quamvis

214 2961 244 3019 in
262 2961 392 3033 singuiis
409 2966 589 3020 sanctorum
605 2962 751 3037 operibus
768 2964 966 3023 necessariae
979 2964 1050 3030 sint,
1067 2967 1168 3020 tamen
1188 2960 1281 3020 ctiam
1338 3002 1342 3014 .

214 3067 307 3136 atque
332 3056 481 3123 etiamin
507 3065 785 3124 sanctissimac
808 3065 1015 3138 sanguinis
1040 3069 1074 3122 et
1097 3062 1282 3136 corporis

281 3246 348 3307 8οο,
367 3247 441 3297 dicta.
460 3277 494 3285 -
511 3234 524 3274 b
543 3245 600 3300 S.G.
619 3249 768 3299 incluviem.
787 3277 821 3284 —
838 3246 850 3273 ‘¹
868 3265 906 3310 oe,
925 3247 1085 3298 sanctissimi.
1107 3306 1109 3309 Ι

285 3398 390 3452 ¹Galat.
410 3400 489 3460 1V‚4.
517 3432 548 3439 -
580 3400 730 3466 ²Synodus
750 3401 907 3452 bracarensis
931 3400 951 3449 ll
977 3416 1044 3450 anno
1068 3402 1116 3452 563
1140 3399 1195 3450 Kal.
1219 3398 1280 3449 Maii

211 3485 336 3538 celebrata
354 3501 409 3536 can.
428 3486 488 3535 XVI
506 3487 649 3536 constituit:
675 3485 719 3547 „Si
741 3487 799 3552 quis
823 3485 912 3550 quinta
936 3486 998 3534 seria
1020 3482 1134 3547 paschali
1159 3489 1281 3548 quaeest

211 3586 290 3622 coena
308 3572 415 3634 domini,
434 3570 498 3620 hora
515 3571 631 3634 legitima
648 3575 705 3634 post
722 3585 817 3620 nonam
837 3571 938 3620 ieiunus
957 3571 983 3620 in
1000 3568 1107 3620 ecclesia
1124 3570 1215 3619 missas
1227 3584 1280 3620 non

209 3661 284 3719 tenet,
303 3657 348 3708 sed
367 3656 509 3708 seeundum
529 3659 623 3705 sectam
641 3655 797 3705 Priscilliani
814 3655 974 3706 festivitatem
996 3655 1077 3719 ipsius
1096 3653 1145 3703 diei
1165 3653 1196 3705 ab
1215 3653 1280 3703 hora

108 3759 110 3764 ’
209 3743 281 3793 tertia
314 3756 359 3805 per
392 3743 484 3791 missas
511 3739 688 3791 defunctorum
715 3741 798 3791 soluto
825 3741 921 3791 ieiunio
948 3740 1020 3802 coiit,
1054 3737 1190 3789 anathema
1221 3739 1277 3792 sit.“

164 3894 166 3898 Ι
211 3825 326 3877 Mansit.
347 3825 456 3885 nima
477 3853 507 3862 -
534 3822 610 3877 ³Cir.
629 3824 808 3888 leontinae
827 3832 853 3876 et
872 3827 988 3890 superius
1006 3841 1030 3888 p.
1049 3827 1089 3879 41.
1114 3849 1148 3861 -
1166 3827 1176 3859 ⁴
1194 3826 1280 3874 vestra

210 3927 224 3961 a
243 3910 386 3961 Walairido
406 3908 522 3960 additum
540 3913 584 3961 est.
603 3940 636 3947 —
656 3915 666 3949 ⁵
684 3908 763 3962 lCor.
776 3909 842 3971 XIV,
856 3914 896 3963 40.
