2768 4552
554 283 766 344 ,91-

128 457 210 514 nitas
243 462 273 512 et
302 457 332 513 ta
360 471 422 514 ano
449 459 551 529 polest
577 453 746 512 diuinitatis
773 452 978 525 singularitas
1007 449 1196 525 desipuerl.“

129 557 213 630 Quae
237 555 404 630 singularis
428 556 540 616 mersio
562 554 705 632 quamvis
728 559 802 612 tune
824 552 868 611 ita
890 552 1044 626 Hispanis
1061 555 1198 628 compla-

129 658 190 716 cuit
223 656 413 726 dicentibus,
449 657 559 716 trinam
595 656 781 716 mersionem
815 655 884 715 ideo
918 655 1093 726 vitandam,
1126 656 1198 730 quia

128 758 276 819 haeretici
296 759 423 835 quidam
447 759 617 819 dissimiles
642 760 669 817 in
693 757 829 828 trinitate
853 757 1046 818 substantias
1070 758 1199 830 dogma-

129 860 261 920 tizantes
284 877 322 920 ea
349 861 397 920 usi
422 861 499 920 sinta
520 862 560 920 ad
583 859 938 920 consubstantialitatem
962 865 1090 918 sanctae
1115 859 1199 918 trini-

127 962 200 1022 tatis
231 964 421 1037 negandam‚
450 970 552 1022 tamen
584 961 737 1035 antiquior
767 977 844 1020 usus
874 960 1046 1036 praevaluit
1069 966 1100 1020 et
1122 960 1198 1020 ratio

130 1064 318 1140 supradicta.
364 1064 396 1124 Si
425 1065 504 1123 enim
529 1064 634 1124 omnia
661 1063 848 1133 deserimus,
880 1080 960 1139 quae
990 1062 1140 1123 baeretici
1169 1062 1197 1121 in

130 1181 219 1226 suam
244 1167 480 1242 perversitatem
503 1172 672 1237 traxerunt,
696 1165 771 1224 nihii
794 1165 886 1226 nobis
901 1165 1041 1238 restabit,
1065 1181 1135 1225 cum
1158 1166 1199 1225 iili

130 1267 157 1326 in
182 1268 250 1343 ipso
269 1269 333 1330 Deo
357 1275 498 1328 errantes
522 1269 634 1341 omnia,
658 1283 740 1342 quae
757 1267 795 1326 ad
820 1268 887 1327 eius
908 1269 1023 1328 cultum
1048 1266 1199 1342 pertinere

128 1369 200 1428 visa
215 1376 296 1440 sunt,
321 1370 386 1430 suis
404 1371 560 1430 erroribus
581 1369 671 1444 quasi
694 1371 823 1445 propria
845 1369 1035 1447 applicarint
1080 1369 1199 1428 Nolan-

130 1471 202 1530 dum
234 1478 350 1546 autem,
383 1489 444 1532 non
472 1474 570 1532 solum
603 1472 786 1546 mergenda,
810 1488 917 1531 verum
947 1471 1040 1529 etiam
1064 1471 1200 1546 desuper

130 1573 286 1635 tundendo
310 1576 424 1634 multos
448 1575 622 1650 baptizatos
644 1573 738 1635 inisse
762 1579 793 1633 et
816 1573 918 1634 adhuc
938 1588 1034 1649 posse
1058 1573 1100 1631 ita
1123 1573 1199 1650 bap-
1294 1635 1297 1642 ,

129 1676 222 1747 tizan,
250 1678 276 1736 si
300 1677 471 1737 necessitas
495 1677 543 1737 sit.
590 1675 677 1736 Sicut
706 1677 735 1735 in
764 1677 911 1751 passione
943 1676 1023 1734 beati
1046 1674 1198 1736 Laurentii

130 1779 287 1855 quendam
305 1795 397 1838 urceo
420 1780 513 1838 aliato
538 1777 670 1852 legimus
694 1776 880 1851 baptizatum
894 1780 911 1850 ¹,
935 1764 997 1837 hoc
1011 1777 1102 1837 etiam
1120 1779 1200 1837 solet

130 1882 270 1952 evenire,
300 1897 369 1940 cum
392 1877 643 1957 provectiorumb
666 1879 827 1954 granditas
851 1895 1015 1954 corporum
1045 1881 1076 1938 in
1100 1881 1199 1941 mino·
1281 1940 1284 1945 .

129 1985 216 2042 ribus
238 1982 326 2043 vasis
354 1983 510 2041 hominem
533 1982 648 2055 tinguie
671 1998 732 2041 non
756 1983 878 2056 patitur.

193 2086 379 2145 Notamdum
403 2083 526 2152 deinde,
548 2084 654 2158 primis
677 2081 893 2157 ternporibus2
922 2083 980 2143 iilis
1003 2085 1197 2146 solummodo

131 2189 276 2265 baptismi
306 2189 437 2264 gratiam
466 2188 533 2246 dari
562 2187 694 2260 solitam,
726 2186 779 2262 qui
809 2192 840 2246 et
862 2188 1001 2262 corporis
1031 2193 1061 2246 et
1088 2187 1198 2246 mentis

130 2290 306 2364 integritate
329 2291 388 2349 iam
413 2288 536 2351 adhoc
559 2275 775 2366 pervenerant,
806 2296 839 2349 ut
862 2290 942 2350 seire
966 2297 996 2349 et
1020 2289 1198 2365 intellegere

132 2397 266 2467 possent,
289 2394 363 2468 quid
379 2394 599 2481 aemoiumenti
615 2394 643 2450 in
661 2392 814 2468 baptismo
832 2373 1099 2467 consequendum,
1124 2392 1198 2467 quid

131 2493 342 2555 confitendum
372 2501 467 2570 atque
499 2497 695 2564 eredendum,
728 2494 800 2569 quid
832 2500 990 2570 postremo
1021 2495 1137 2555 renatis
1168 2495 1196 2552 in

132 2596 254 2658 Christo
271 2603 357 2656 esset
372 2599 569 2657 servandum.
606 2597 712 2656 Refert
728 2595 882 2672 siquidem
900 2597 1088 2656 venerabilis
1112 2603 1199 2672 pater

132 2699 324 2772 Atrguslinus
345 2700 384 2759 dc
404 2716 439 2760 sc
462 2701 531 2776 ipso
555 2702 584 2759 in
603 2699 689 2758 libris
706 2700 936 2759 confessionum
955 2717 1093 2772 suarum,
1115 2700 1199 2775 quod

199 2900 211 2927 ³
229 2916 267 2961 oe,
286 2900 460 2964 dogmatizare
478 2901 534 2950 ausi
552 2897 668 2952 sunl.'-
689 2887 701 2925 ¹³
721 2899 766 2959 lm,
784 2899 971 2965 persectIorum.
989 2928 1023 2937 —
1041 2898 1051 2925 ⁰
1069 2915 1109 2960 oe,
1127 2901 1200 2964 tingi.

203 3091 211 3125 ¹
229 3087 301 3138 Hane
318 3087 455 3151 legendam
473 3086 577 3138 exhibet
589 3087 656 3146 Ado,
671 3086 813 3136 Waiairido
831 3086 954 3151 aequalis,
973 3088 999 3136 in
1017 3085 1199 3152 Martyrologio

131 3187 188 3232 suo,
206 3172 246 3224 ed.
263 3172 399 3239 Bosrueycl
420 3173 505 3222 Antw.
526 3171 598 3222 1613.
630 3170 702 3222 Dona.
725 3170 859 3236 Georgica,
878 3171 973 3221 Romae
994 3172 1065 3222 1745.
1096 3169 1146 3221 Cir.
1164 3171 1200 3223 De

131 3258 205 3308 Rossi
224 3257 305 3307 Romo
323 3263 380 3309 soll.
399 3255 426 3319 Π,
444 3271 503 3321 pag.
521 3255 613 3306 XXVII
624 3271 679 3322 sqq.
698 3285 731 3293 —
752 3258 762 3292 ²
780 3255 848 3307 Haec
866 3256 1002 3306 Waialridi
1020 3257 1107 3320 opinio
1125 3255 1200 3320 plane

131 3358 236 3393 erronea
248 3350 293 3393 est.
330 3343 371 3393 Ab
390 3343 452 3406 ipsis
464 3341 586 3392 ecelesiae
604 3341 751 3406 primordiis
763 3342 840 3391 etiam
859 3341 968 3392 infantes
986 3342 1125 3405 baptizatos
1137 3357 1201 3402 esse,

131 3443 207 3478 nemo
225 3427 337 3491 negabit,
355 3428 400 3492 qui
417 3427 518 3491 legerit,
537 3427 606 3492 quod
624 3427 710 3478 scribit
723 3424 867 3493 Cyprianus
884 3426 998 3491 carthag.
1016 3428 1151 3491 episcopus
1169 3427 1201 3478 de

131 3512 232 3578 synodo
257 3512 368 3577 quadam
391 3512 455 3563 idib.
474 3512 534 3562 ildaii
558 3526 617 3563 ann.
637 3515 685 3563 252
708 3511 840 3574 celebrata,
865 3512 910 3563 ubi
933 3513 1088 3562 unanimiter
1111 3512 1202 3562 reiecta

132 3602 169 3646 est
182 3598 306 3647 sententia
322 3597 380 3648 Fidi
394 3598 505 3663 episcopi
525 3598 685 3661 proferentis:
706 3599 787 3659 „intra
805 3596 946 3646 secundum
959 3595 1001 3647 vei
1017 3597 1119 3646 tertium
1132 3596 1201 3647 diem

132 3696 211 3747 quam
229 3683 281 3731 nati
298 3683 349 3733 sint
366 3685 515 3733 constitutos
539 3682 661 3747 baptizari
684 3698 735 3732 non
755 3686 897 3747 oportere“;
921 3682 1017 3746 placuit
1033 3686 1135 3732 econtra
1157 3697 1201 3747 sy-

132 3765 212 3816 nodo:
237 3767 319 3828 „nulii
341 3767 478 3818 hominum
501 3773 558 3818 nato
584 3768 783 3818 misericordiam
803 3767 848 3817 Dei
869 3772 893 3817 et
915 3767 1022 3830 gratiam
1045 3782 1100 3816 esse
1124 3766 1201 3816 dene-

132 3852 268 3916 g·andam.“
306 3851 383 3919 Cypr.
401 3854 474 3916 epist.
493 3855 532 3916 64,
552 3853 592 3904 ed.
604 3852 697 3903 Harlel.
717 3868 785 3917 corp.
798 3867 831 3902 ss.
846 3852 906 3903 ecci.
924 3851 967 3902 lat.
981 3856 996 3901 t.
1009 3850 1047 3914 ΙΙΙ,
1063 3854 1085 3912 l,
1104 3867 1129 3915 p.
1142 3853 1199 3904 718.
