2768 4552
613 313 845 371 -110-

194 488 391 560 exsuperent,
423 482 606 557 praesertim
638 481 666 539 in
697 482 791 540 tantis
821 480 980 542 laboribus
1009 488 1041 542 et
1067 489 1130 543 tam
1158 483 1268 542 multis
1335 555 1337 559 ,

195 587 386 646 domesticae
408 585 454 643 rei
478 582 738 643 solicitudinibus.
781 584 858 643 Nam
882 584 922 644 36
946 599 1023 644 suae
1046 583 1158 644 aetatis
1181 597 1267 644 auno

194 694 265 764 post
279 686 488 747 Rudhelmum
506 684 660 763 abbatem,
685 701 755 745 oum
771 692 842 744 ante
858 686 1008 760 magister
1023 691 1119 758 esset,
1142 685 1267 759 Augiae

194 796 301 866 pastor
331 795 361 849 et
389 793 489 848 rector
512 786 642 848 effeetus
667 793 715 847 est
744 789 783 847 ad
807 787 919 850 Christi
942 803 1064 847 annum¹
1079 786 1151 847 842.
1197 786 1266 861 Quo

194 899 276 951 certe
304 891 356 950 ille
387 906 516 949 munere
546 890 718 966 spiritualia
746 904 847 963 aeque
869 905 907 950 ao
932 890 1113 964 temporalia
1134 889 1267 962 curarit,

193 992 253 1053 hoo
276 1000 325 1053 est
354 998 488 1066 utraque
512 994 635 1067 optime.
680 991 848 1051 Enimvero
872 991 958 1069 quod
980 993 1019 1052 ad
1049 1001 1266 1066 temporanea-

193 1112 261 1154 rum
284 1111 387 1153 rerum
410 1094 710 1154 administrationem
729 1092 846 1171 attinet,
868 1095 899 1153 id
922 1093 1090 1156 ostendunt
1113 1095 1266 1154 constitu-

192 1198 294 1258 tiones
319 1197 397 1268 eius,
420 1212 500 1272 quas
523 1195 582 1256 hae
605 1212 701 1272 super
725 1212 758 1255 se
779 1196 957 1255 ordinavit.¹
999 1196 1045 1256 De
1068 1194 1266 1254 solicitudine

194 1300 262 1358 eius
286 1298 315 1356 in
338 1297 434 1356 rebus
459 1293 674 1373 spiritualibus
697 1295 890 1372 superfluum
909 1300 959 1356 est
981 1297 1054 1372 quid
1078 1311 1264 1366 memorare,

194 1417 264 1460 eum
283 1406 413 1468 constet,
438 1415 508 1457 eum
533 1395 588 1474 qui
609 1415 698 1460 saoro
716 1400 840 1458 numine
856 1399 1027 1474 inspirante
1041 1399 1115 1458 talia
1131 1399 1264 1473 scripsit,

194 1519 255 1562 non
288 1503 428 1576 potuisse
461 1517 521 1560 nou
554 1503 691 1575 practice
721 1516 876 1571 exercere,
906 1517 986 1575 quae
1015 1501 1125 1560 docuit.
1178 1500 1268 1560 Vixit

194 1603 281 1663 brevi
310 1605 400 1662 nimis
429 1613 580 1678 tempore,
610 1603 742 1678 longiori
768 1604 870 1663 idest
899 1608 1026 1663 aeterna
1050 1603 1266 1678 dignissimus,

176 1706 234 1765 ad
257 1720 350 1780 quam
375 1705 509 1780 perrexit
531 1706 634 1780 Augia
658 1714 777 1781 septem
801 1706 890 1765 annis
913 1713 1021 1766 sanate
1040 1706 1264 1766 administrata.

193 1823 277 1868 anno
301 1807 372 1884 849,
397 1807 445 1868 18.
469 1807 550 1882 Aug.
574 1809 687 1868 aetatis
711 1823 788 1867 suae
810 1808 861 1867 43.
887 1823 973 1868 anno.

266 2010 341 2062 ¹Csn.
360 2026 438 2077 supra
455 2027 496 2062 no.
514 2010 547 2060 ΙΙΙ
564 2012 591 2061 in
610 2008 720 2075 append.
738 2024 797 2074 pag.
818 2011 873 2062 106.
