2768 4552
581 313 789 371 ..48-

152 499 283 543 annuam
315 485 345 542 in
375 484 424 543 die
451 500 567 544 caenae
598 483 771 543 dominicae
796 483 960 552 faciebant,
993 489 1025 541 ut
1053 482 1095 542 ibi
1118 483 1223 542 solum

152 592 418 647 sacramentorum
447 587 546 660 gratia
568 587 732 645 iteraretur
755 586 891 658 illorum,
921 584 973 643 ubi
1001 585 1144 660 primitus
1173 589 1225 644 est

152 694 291 748 ostensa.
335 689 425 750 Unde
454 695 485 748 et
512 688 580 762 ipsa
609 688 658 748 die
685 689 849 748 solvebant
876 687 1051 758 ieiunium³,
1083 687 1164 746 sicut
1191 687 1224 746 in
1251 670 1255 678 ¹

152 791 239 851 lestis
272 791 403 850 actitare
433 787 601 863 solemusb,
634 797 664 850 et
696 797 768 849 ante
797 787 957 850 meridiem
988 790 1136 848 collectas
1166 804 1223 848 ex-

152 893 290 967 plebant,
322 893 406 968 quod
435 893 465 951 in
489 893 661 953 canonibus
689 893 797 968 partlm
826 891 1002 950 ostenditur
1035 893 1069 951 et
1096 891 1224 966 penitus

153 993 343 1068 prohibetur.
389 993 451 1055 Sed
480 996 547 1055 aliis
577 996 768 1055 cautioribus
796 993 899 1053 visum
928 995 985 1063 est,
1014 993 1091 1053 istos
1115 1008 1153 1054 eo
1176 994 1224 1052 in-

153 1096 308 1170 digniores
333 1097 371 1155 ad
395 1113 526 1156 annuam
551 1113 628 1158 suae
652 1095 888 1157 observantiaec
917 1095 1125 1154 celebritatem
1147 1113 1224 1172 per-

151 1197 269 1269 venire,
293 1213 353 1274 quo
370 1214 404 1256 se
427 1199 578 1271 putabant
601 1200 692 1274 longa
716 1197 861 1258 dilatione
878 1193 1056 1258 delecatosd
1078 1198 1223 1272 quando·
1248 1224 1253 1234 ·

152 1315 213 1373 que
251 1300 292 1358 ad
330 1316 488 1360 sacrorum
527 1301 755 1376 perceptionem
795 1299 870 1358 satis
908 1299 1018 1372 dignos
1057 1301 1222 1374 accedere,

152 1401 327 1478 meliusque
358 1402 538 1474 credebant,
570 1405 713 1478 quamvis
745 1402 906 1463 antinuse
935 1401 1047 1476 dignis,
1082 1402 1223 1462 crebrius

151 1498 272 1562 iterarif
296 1521 376 1580 quae
405 1511 514 1565 sancta
542 1512 623 1575 sunt,
652 1505 725 1580 qnia
747 1505 816 1564 talis
840 1511 888 1563 est
910 1504 960 1562 illa
986 1505 1133 1579 spiritalis
1157 1522 1223 1564 me-

152 1604 262 1674 dicina,
286 1613 320 1664 nt
342 1615 372 1665 et
395 1623 491 1667 sanos
515 1608 641 1667 adiuvet
663 1608 703 1667 ad
727 1607 991 1680 perseverantiam
1021 1605 1163 1666 sanitatis
1191 1612 1224 1665 et

151 1708 321 1768 vulneratis
354 1710 519 1769 subveniat
552 1710 590 1767 ad
625 1709 915 1784 redintegrationem
950 1709 1087 1782 virtutis3
1122 1716 1153 1767 et
1183 1724 1223 1768 eo

152 1810 278 1883 dignius
301 1813 478 1887 percipitur,
508 1828 568 1886 quo
592 1811 799 1887 percipientes
830 1794 884 1885 per
910 1810 1090 1869 humilitatis
1115 1817 1222 1870 custo-

153 1911 233 1970 diam
269 1912 419 1973 substrati
452 1930 607 1990 nunquam
645 1929 680 1973 se
712 1913 750 1972 ad
783 1914 850 1972 eius
882 1913 1112 1989 perceptionem
1144 1913 1223 1971 satis

152 2015 265 2090 dignos
289 2016 486 2075 arbitrantur.
532 2012 588 2090 Qui
613 2022 715 2075 autem
738 2016 857 2075 tardius
879 2014 1051 2075 secundum
1074 2013 1224 2074 iudicium

153 2117 336 2192 spiritalium
368 2117 557 2177 medicorum
585 2117 645 2192 ipsi
674 2118 876 2178 admittuntur
902 2117 1056 2187 medelae,
1087 2116 1158 2175 ideo
1182 2117 1223 2174 ad

153 2225 276 2295 tempus
292 2221 448 2279 abstinere
465 2220 589 2298 debent,
607 2236 645 2278 ne
663 2236 868 2296 praepropere
881 2219 1052 2294 incongrua
1066 2219 1131 2277 suis
1143 2212 1224 2277 vall-

150 2321 310 2381 tndinibus
334 2323 510 2397 ingerentes
526 2323 732 2383 medicamina
748 2323 875 2397 gravius
894 2328 1065 2396 aegrotent,
1090 2327 1121 2378 et
1137 2320 1223 2396 quod

153 2424 220 2483 aliis
236 2430 286 2484 est
300 2424 468 2499 reparatio,
488 2425 548 2485 illis
561 2424 614 2484 liat
627 2424 795 2484 damnatio.
823 2424 883 2482 Alii
900 2424 984 2482 omni
1001 2422 1155 2483 dominica
1171 2423 1224 2482 rel

153 2526 236 2585 omni
259 2525 390 2584 sabbato
416 2526 499 2602 apud
516 2524 672 2586 Orientem
696 2526 910 2602 etHispanias
935 2525 1049 2585 missas
1071 2525 1224 2584 facientes

153 2631 478 2688 commemorationem
508 2629 662 2702 passionis
690 2629 864 2688 dominicae
887 2628 969 2686 omni
993 2628 1169 2702 septimana
1197 2627 1225 2686 si

153 2728 300 2803 lacerent,
318 2730 460 2790 sulficere
477 2733 653 2791 credebant.
686 2731 774 2791 Unde
792 2732 884 2790 etiam
901 2731 1072 2790 orationem
1090 2729 1226 2789 domini-

154 2845 231 2904 cam,
255 2849 336 2906 quae
352 2834 391 2891 ab
416 2834 520 2912 ipsis&
543 2842 577 2894 ut
594 2834 759 2904 credimus,
783 2834 996 2908 apostolorum
1020 2831 1223 2906 temporibus,

154 2939 224 2991 ante
236 2935 545 2996 communicationem
557 2943 586 2994 et
598 2937 687 3012 panis
700 2936 879 2995 fractionem
893 2935 1080 3004 dicebatur¹,
1094 2934 1224 3008 quidam

152 3035 205 3094 illo
229 3043 347 3097 tantum
372 3045 511 3115 tempore
534 3039 722 3098 recitandam
747 3037 953 3111 crediderunt,
984 3054 1046 3112 quo
1071 3036 1226 3096 sacrificia

154 3137 365 3211 celebrabant,
389 3142 461 3217 quia
484 3158 594 3217 panem
619 3141 713 3209 illum,
742 3141 846 3214 quiin
871 3121 982 3199 eadem
1006 3141 1145 3229 oratione
1170 3153 1225 3214 pe-

222 3339 235 3364 a
252 3338 285 3401 Μ,
297 3340 400 3393 ieiunia.
419 3371 450 3381 —-
469 3330 483 3369 b
502 3342 535 3404 M,
548 3340 671 3393 solebant.
691 3371 721 3379 —-
745 3340 755 3367 ⁰
774 3357 812 3403 oe,
825 3341 1018 3392 observationis
1038 3369 1069 3377 -
1092 3325 1106 3366 d
1124 3339 1158 3401 Μ,
1178 3339 1225 3391 de·

153 3423 233 3474 fessos
252 3440 355 3490 quoque
373 3428 412 3479 ad.
435 3457 468 3465 -
492 3425 504 3452 θ
523 3426 554 3487 Μ,
572 3427 664 3475 annuis
686 3426 783 3490 dignis;
809 3442 849 3489 oe,
868 3426 970 3475 animus
988 3425 1112 3488 indignus
1131 3425 1171 3474 sit.
1190 3454 1225 3462 -

154 3492 214 3573 fM,
237 3511 336 3562 iterare.
362 3541 397 3550 —
424 3511 476 3573 gc,
501 3511 564 3570 illis;
587 3509 650 3573 mlh,
677 3511 709 3562 ab
730 3511 793 3574 ipsis
815 3510 946 3576 apostolis,
973 3509 1016 3561 vel
1047 3508 1224 3574 apostolorum

154 3596 319 3659 temporibus.

227 3789 235 3822 ¹
253 3784 289 3834 De
307 3784 427 3834 orationis
445 3783 589 3833 dominicae
607 3783 697 3845 primis
715 3782 913 3832 christianorum
930 3781 1087 3847 temporibus
1105 3784 1226 3833 aestima-

154 3869 222 3920 tione
240 3870 284 3922 cfr.
303 3869 425 3920 Doctrina
443 3867 674 3932 apostolorunr‚cp.
685 3866 748 3916 Vlll.
771 3866 817 3918 Ed.
828 3866 911 3918 Funlr.
929 3868 1127 3932 Tubing.1887.
1146 3882 1170 3931 p.
1183 3871 1225 3920 24.
