2768 4552
581 329 793 389 ..53-

156 500 300 560 mandam
324 499 486 571 existimat,
511 500 584 576 quia
606 499 816 559 Romanorum
840 517 919 559 usus
942 499 1045 578 habet,
1070 502 1148 562 duas
1170 507 1220 563 vel

155 608 219 661 tres
243 603 396 662 interdum
421 604 514 662 unius
538 602 745 662 solemnitatis
768 603 872 661 lacere
900 602 1014 662 missas
1037 605 1121 662 utin
1145 604 1223 664 nati-

155 706 252 763 vitate
280 695 402 764 Domini
436 703 605 764 salvatoris
638 709 670 762 et
703 705 1000 779 aliquorumlestis
1027 711 1222 780 sanctorum;

156 806 308 881 siquidem
339 804 584 880 Thelesphorus‚
617 822 719 867 nonus
754 808 783 865 in
820 806 927 867 ordine
957 823 1105 867 romanae
1138 808 1223 868 sedis

156 908 333 984 episcopus
364 908 395 966 in
420 910 514 968 natali
536 909 678 967 Domini¹
704 915 798 968 noctu
826 909 957 969 missasa
979 905 1130 970 celebrari
1153 926 1223 970 con-

156 1010 262 1069 stituit.
307 1010 346 1068 Et
367 1026 477 1070 revera
499 1027 560 1071 non
589 1026 661 1070 esse
684 1010 855 1069 absurdum
879 1011 1070 1082 crediderim,
1100 1013 1126 1071 si
1149 1011 1223 1072 dum

157 1113 261 1186 plures
291 1111 321 1169 in
349 1127 413 1171 una
442 1110 491 1168 die
524 1111 682 1170 faciendae
711 1117 783 1171 sunt
814 1113 937 1185 missae,
970 1131 1053 1174 unus
1076 1116 1223 1175 sacerdos

157 1213 235 1272 duas
252 1215 303 1273 vel
327 1221 389 1274 tres
406 1212 595 1273 necessitate
616 1215 666 1272 vel
682 1214 844 1273 voluntate
864 1217 1072 1291 persuadente
1089 1218 1224 1276 celebret

156 1317 371 1392 potiusquam
389 1315 543 1391 quasdam
561 1315 702 1375 dimittat.
736 1316 786 1374 Ad
804 1314 864 1376 hoc
879 1319 1006 1391 accedit,
1030 1319 1113 1395 quod
1130 1320 1223 1379 totius

158 1433 234 1477 usus
251 1398 405 1478 ecclesiae
421 1415 524 1488 habet,
550 1417 676 1493 saepius
692 1417 805 1477 missas
822 1435 915 1493 agere
933 1437 990 1497 pro
1006 1421 1086 1480 vivis
1103 1418 1152 1479 etb
1167 1437 1223 1497 pro

158 1515 313 1580 defunctis
335 1536 390 1596 pro
415 1519 593 1579 elemosinis
610 1526 640 1578 et
656 1520 725 1579 aliis
743 1520 875 1581 diversis
892 1523 1006 1595 causis,
1029 1523 1114 1599 quod
1132 1523 1223 1582 etiam

158 1619 259 1681 officia
291 1621 339 1682 his
369 1621 517 1680 attributa
549 1628 713 1681 testantur.
756 1624 787 1680 ln
818 1624 929 1685 diebus
962 1626 1068 1703 itaque
1098 1624 1225 1702 publica

158 1724 335 1784 celebritate
363 1725 539 1797 conspicuis
569 1730 622 1784 aut
649 1726 719 1785 illae
743 1726 937 1786 diversarum
959 1744 1064 1788 rerum
1087 1727 1225 1787 necessi-

157 1832 238 1885 tates
254 1832 328 1886 sunt
351 1827 599 1886 intermittendae
622 1834 676 1886 aut
691 1828 948 1890 concurrentibus
965 1829 1088 1888 sibimet
1101 1827 1226 1903 publica

158 1928 379 1995 observatione
400 1935 434 1987 et
459 1929 582 2004 privata
604 1931 792 1990 necessitate
815 1929 978 2006 utriusque
1001 1931 1134 2004 expletio
1158 1931 1226 1989 suis

159 2038 207 2090 est
223 2031 429 2104 discernenda
445 2031 554 2091 oliiciis
568 2033 627 2104 vel,
645 2032 727 2107 quod
743 2033 888 2107 superius
902 2032 1224 2105 commemoravimus,

157 2149 220 2192 una
242 2133 398 2193 oblatione
429 2133 573 2193 diversae
602 2149 718 2194 causae
744 2140 818 2193 sunt
848 2134 1031 2209 explendae.
1074 2134 1224 2194 Fidelium

156 2234 306 2294 relatione
341 2235 478 2294 virorum
505 2235 547 2313 *in
581 2243 720 2296 nostram
759 2253 861 2312 usque
894 2236 1038 2312 pervenit
1075 2235 1223 2308 notitiam,

157 2338 291 2396 Leonem
314 2352 438 2413 papam,
463 2338 544 2398 sicut
570 2339 638 2413 ipse
662 2340 824 2409 fatebatur,
856 2354 917 2397 una
945 2337 1009 2396 diec
1031 2337 1087 2396 Vll
1110 2339 1158 2397 vel
1182 2337 1223 2396 lX

158 2439 324 2498 missarum
357 2440 509 2499 solemnia
540 2441 666 2515 saepius
697 2442 890 2512 celebrasse,
924 2440 1116 2499 Bonilacium
1147 2456 1224 2499 vero

157 2541 425 2617 archiepiscopum
450 2548 482 2601 et
504 2543 660 2602 martirem
685 2544 783 2601 semel
804 2549 922 2603 tantum
941 2557 997 2617 per
1013 2543 1093 2601 diem
1111 2543 1225 2603 missas

158 2645 283 2716 secisse,
314 2643 366 2720 qui
389 2651 420 2702 et
443 2661 504 2704 non
520 2645 619 2723 ‚longe
649 2651 720 2704 ante
744 2651 853 2704 nostra
883 2645 1008 2703 luerunt
1030 2651 1170 2720 tempora
1194 2652 1225 2704 et

224 2812 237 2838 ἢ
254 2828 293 2871 oe,
311 2811 406 2862 habent
423 2816 473 2860 tres
491 2812 591 2872 missas,
615 2812 659 2861 sed
681 2827 805 2862 numerus
823 2817 902 2873 „tres“
929 2819 967 2863 est
987 2813 1119 2863 evidenter
1142 2817 1226 2876 poste-

155 2897 209 2946 rius
227 2895 402 2961 interpolatus.
438 2896 514 2947 Liber
532 2897 622 2946 Pontii.
647 2897 718 2946 dicit:
750 2896 814 2957 „Hie
831 2895 1025 2966 (Telesphorus)
1044 2897 1180 2956 constituit,
1198 2900 1227 2944 nt

154 2981 264 3030 natalem
292 2981 395 3031 Domini
421 2985 496 3032 noctu
523 2983 615 3032 missas
637 2981 848 3034 celebrarentur.“
889 2981 970 3033 Dueh.
989 2981 1006 3042 Ι,
1027 2983 1083 3033 129.
1102 3009 1133 3017 -
1155 2964 1167 3004 b
1187 2995 1226 3039 oe,

155 3081 206 3115 om.
225 3071 255 3115 et.
275 3095 306 3104 —
326 3065 337 3091 ⁰
355 3081 377 3126 c,
397 3082 447 3115 om.
467 3081 519 3116 una
536 3066 585 3117 die.

88 3266 90 3273 y
227 3205 234 3238 ¹
255 3200 358 3250 Festum
382 3202 519 3252 nativitatis
542 3201 645 3251 Domini
672 3218 687 3252 a
711 3202 854 3251 christianis
877 3201 1032 3252 celebratum
1059 3215 1123 3260 esse,
1149 3203 1225 3250 testes

155 3285 240 3336 seculo
259 3290 349 3350 quarto
373 3287 530 3351 antiquiores
553 3287 661 3337 inveniri
686 3302 737 3336 non
759 3290 875 3350 possunt.
910 3286 1025 3335 Primum
1043 3289 1227 3335 commemorat

155 3369 205 3419 hoc
222 3371 314 3420 festum
333 3369 468 3438 Depositio
485 3375 632 3438 martyrum
651 3388 671 3422 c.
686 3374 734 3422 336
753 3371 902 3436 composita,
920 3383 984 3434 quae
1002 3368 1106 3419 exhibet
1123 3367 1156 3418 ad
1168 3367 1225 3417 Vlll

154 3454 210 3505 Kal.
229 3455 285 3509 lan:
315 3460 403 3516 „natus
422 3453 538 3505 Christus
560 3457 588 3505 in
609 3455 721 3506 Belleem
744 3455 859 3506 ludeae.“
897 3453 976 3503 lluch.
995 3452 1039 3505 lib.
1059 3458 1127 3517 pont.
1146 3453 1164 3510 Ι,
1185 3455 1223 3504 11.

153 3539 308 3590 Ambrosius
326 3555 428 3606 quoque
445 3545 558 3601 testatur,
576 3547 689 3606 tempore
703 3541 798 3592 Liberii
815 3556 895 3605 papae
913 3536 1069 3607 (352-366)
1090 3537 1157 3588 diem
1176 3552 1221 3587 na-

154 3623 230 3674 talem
258 3624 356 3674 domini
382 3626 433 3675 iam
457 3625 610 3677 celebratum
634 3641 688 3675 esse
711 3623 757 3692 (De
779 3626 890 3688 virginit.
910 3622 949 3685 ΙΙΙ,
970 3621 1002 3688 l),
1030 3623 1092 3674 dum
1120 3626 1225 3685 constat,

155 3707 245 3760 diebus
266 3707 390 3759 Clement.
408 3710 494 3771 Alex„
517 3709 542 3758 id
564 3715 601 3759 est
622 3710 694 3759 initio
713 3709 793 3760 seculi
813 3709 878 3759 tertii
897 3706 1042 3758 christianis
1064 3706 1134 3757 hunc
1156 3707 1225 3757 diem

154 3792 239 3843 adhuc
258 3795 375 3859 ignotum
391 3795 477 3845 luisse.
505 3793 553 3846 Cir.
567 3795 642 3844 etiam
659 3793 750 3846 Cesset
765 3793 836 3855 Paul,
849 3791 1048 3856 Weihnachten,
1067 3791 1228 3857 Urspriinge,

153 3877 270 3930 Brauche
288 3879 342 3930 und
360 3879 553 3944 Aberglauben.
588 3879 674 3929 Berlin
694 3880 767 3930 1861.
