2768 4552
582 340 793 397 ...41-

629 593 748 663 XVIII.

186 765 238 833 oe
264 765 388 832 uirtute
414 772 698 832 sacramentorum
726 769 760 832 et
784 787 849 832 cur·
875 765 916 834 ob
942 768 991 834 ec's
1017 767 1191 836 criminosi

559 883 819 973 suspendantur.

220 1085 314 1159 Igitur
344 1100 413 1143 cum
444 1084 511 1159 ipse
538 1084 620 1144 iilius
648 1085 703 1144 Dei
734 1085 830 1144 dicat:
864 1102 940 1145 coro
975 1103 1043 1144 meo
1074 1103 1147 1146 uere
1180 1092 1224 1144 est

155 1190 258 1262 cibos,
289 1194 320 1247 et
340 1189 467 1258 soupot's
493 1203 577 1244 meus
604 1203 677 1245 vere
704 1194 750 1246 est
774 1189 891 1262 potus¹‚
919 1188 961 1246 ita
984 1187 1222 1262 intellegendum

155 1296 216 1360 est,
248 1291 359 1348 eadem
395 1289 616 1365 redemptionis
650 1295 776 1348 nostrae
800 1288 948 1365 mysteria
970 1294 1006 1347 et
1027 1305 1114 1348 vere
1138 1305 1223 1348 esse

155 1407 298 1467 corpus
322 1399 384 1448 trita
407 1392 633 1465 sanguinem
659 1391 828 1462 domini2,
849 1398 884 1450 ut
903 1391 983 1450 illius
1007 1392 1132 1451 unitatis
1152 1409 1222 1467 per-

154 1494 261 1564 fectae,
277 1507 370 1568 quam
385 1508 453 1551 cum
467 1494 567 1569 capite
581 1499 684 1553 nostro
697 1493 757 1551 iam
769 1509 834 1567 spe,
847 1488 979 1566 posteat
991 1508 1025 1551 re
1037 1492 1225 1565 tenebimus

155 1595 286 1672 pignora
309 1595 435 1652 credere
458 1593 653 1654 debeamus0.
699 1596 773 1653 Inde
796 1600 826 1652 et
846 1602 1044 1653 sacramenta
1067 1611 1086 1654 a
1108 1597 1223 1655 sancti-

153 1698 297 1756 ficatione
319 1697 370 1755 vel
393 1707 514 1757 secreta
537 1697 650 1756 virtute
667 1697 819 1769 dicuntur,
842 1696 923 1754 unde
946 1697 1037 1755 etiam
1062 1697 1222 1757 criminum

155 1799 300 1860 foeditate
314 1799 489 1874 capitalium
503 1815 521 1857 a
537 1800 745 1858 membrorum
757 1797 869 1858 Christi
893 1795 1044 1857 sanitated
1059 1800 1223 1859 deviantes

155 1901 194 1961 ab
229 1901 305 1976 ipsis
342 1903 547 1961 sacramentis
582 1901 796 1961 ecclesiastico
831 1902 1064 1976 suspenduntur
1100 1902 1222 1963 iudicio.

156 2005 212 2080 Qui
244 2004 325 2063 enim
355 2019 468 2078 corpus
502 2010 533 2063 et
566 2004 749 2077 sanguinem
780 2003 902 2062 Domini
938 2003 1029 2078 digne
1059 2003 1224 2062 manducat

154 2114 186 2167 et
209 2105 298 2175 bibit,
327 2104 485 2180 designat,
518 2121 552 2164 se
584 2123 656 2166 esse
685 2107 715 2165 in
747 2105 812 2163 Deo
841 2111 872 2164 et
899 2105 998 2164 Deum
1026 2105 1054 2163 in
1086 2122 1138 2174 eo;
1169 2107 1222 2181 qui

154 2199 231 2269 vero
255 2207 439 2266 medicinam
463 2210 513 2266 vel
538 2225 598 2266 non
622 2206 717 2267 habet
740 2207 788 2266 vel
811 2223 848 2266 ea
864 2207 987 2296 indigne
1004 2208 1106 2277 utitur,
1128 2208 1221 2281 longe

156 2328 190 2370 se
216 2326 235 2369 a
257 2310 379 2367 medico
403 2324 476 2368 esse
500 2311 674 2384 languendo
696 2316 844 2383 testatum
875 2323 935 2367 non
966 2311 1047 2368 enim
1077 2308 1222 2366 mentitur

156 2413 209 2490 qui
233 2411 319 2470 dicit:
342 2413 419 2485 „nist
441 2413 703 2474 manducaveritis
726 2426 854 2470 curnem
865 2412 927 2482 fittt
940 2412 1069 2477 dominis
1092 2420 1121 2468 et
1143 2412 1223 2470 itte·

156 2517 227 2575 ritis
261 2517 325 2573 eius
350 2516 544 2587 sonpuinem,
577 2530 638 2574 non
672 2514 822 2573 habebitis
855 2515 948 2572 uitam
980 2516 1011 2572 tn
1044 2515 1168 2584 ooots‘o,
1194 2519 1223 2572 et

156 2599 286 2690 reliqua.
337 2615 500 2674 Sciendum
530 2625 630 2693 verot,
657 2631 676 2673 a
702 2616 818 2674 sanctis
849 2613 987 2691 patribus
1017 2613 1057 2672 ob
1086 2615 1147 2674 hoc
1174 2617 1223 2674 vel

157 2717 292 2777 maxime
316 2719 530 2795 constitutum,
554 2724 588 2776 ut
609 2719 779 2776 mortaliter
802 2721 968 2792 peccantes
985 2718 1222 2776 asaoramentis

153 2819 319 2879 dominicis
343 2826 516 2889 arceantur,
540 2838 578 2878 ne
603 2820 726 2894 indigne
751 2835 789 2877 ea
813 2817 1018 2892 percipientes
1040 2819 1090 2877 vel
1114 2819 1222 2877 maiori

156 2927 245 2980 reatu
273 2921 471 2980 involvantur
505 2929 537 2980 ut
565 2923 671 2991 ludas,
701 2937 794 2996 quem
827 2926 898 2995 post
925 2935 1035 2992 panem
1065 2926 1183 2978 temere
1206 2936 1225 2978 a

156 3023 306 3098 Magistro
335 3029 514 3099 suscepturo
545 3024 688 3083 diabolus
718 3023 829 3081 dicitur
856 3025 978 3097 plenius
1001 3022 1166 3091 invasisse,
1190 3029 1223 3081 ut

158 3125 287 3196 crimen,
316 3127 399 3202 quod
428 3126 516 3201 prius
545 3129 698 3186 sceterata
726 3124 1002 3200 praemeditatione
1031 3130 1224 3198 conceperat,

157 3227 218 3285 iam
253 3229 495 3288 sceleratissimo
530 3234 760 3286 consummaret
798 3226 926 3302 effecum
964 3228 1014 3285 vel
1048 3241 1100 3296 ne,
1140 3225 1222 3300 quod

157 3332 319 3405 apostotus
343 3330 381 3388 de
406 3328 570 3390 Corinthiis
598 3329 700 3404 dicttt,
729 3328 934 3389 infirmitatem
962 3329 1099 3402 corporis
1128 3332 1159 3385 et
1182 3328 1223 3385 in-

981 3480 995 3520 d

226 3495 294 3558 ὀρ,
312 3500 344 3547 et.
363 3525 395 3533 -
415 3483 427 3523 b
448 3513 480 3560 m,
499 3500 607 3561 postera.
628 3523 662 3531 -
685 3495 696 3522 ⁰
714 3495 904 3556 cedebamus.
926 3523 957 3531 -
1014 3510 1051 3556 oe,
1070 3510 1085 3544 a
1104 3493 1225 3545 membris

158 3577 253 3631 Christi
271 3582 410 3632 deviantes.
428 3611 462 3618 -
480 3581 491 3608 θ
510 3598 547 3643 oe,
564 3582 642 3632 enim.

230 3734 324 3785 ¹Ioan.
342 3735 439 3796 VI,56.
467 3763 506 3780 -ι
533 3733 614 3785 ²Cir.
643 3735 760 3798 superius
783 3747 820 3797 cp.
843 3732 914 3794 XVI,
933 3736 992 3783 nota
1011 3735 1039 3793 2,
1063 3747 1102 3797 cp.
1119 3731 1177 3780 XVI
1200 3737 1225 3782 et

158 3832 196 3884 cp.
214 3817 292 3883 XVII,
309 3835 335 3885 p.
354 3821 386 3872 38
397 3835 434 3884 sq.
453 3849 484 3857 -
507 3818 623 3871 ³loann.
641 3819 738 3879 vata
766 3848 797 3856 -
826 3819 896 3869 ⁴Ab
916 3817 956 3867 his
974 3816 1059 3868 verbis
1084 3832 1164 3882 usque
1192 3816 1225 3867 ad

158 3903 235 3955 finem
254 3905 358 3969 capituli
376 3904 433 3954 XXI
451 3906 477 3954 in
496 3904 550 3955 cod.
570 3903 608 3952 Μ1
627 3904 718 3954 lacuna
735 3907 780 3954 est.
