<?xml version="1.0" encoding="UTF-8"?>
<!DOCTYPE html PUBLIC "-//W3C//DTD XHTML 1.0 Transitional//EN"
    "http://www.w3.org/TR/xhtml1/DTD/xhtml1-transitional.dtd">
<html xmlns="http://www.w3.org/1999/xhtml" xml:lang="en" lang="en">
 <head>
  <title>
</title>
<meta http-equiv="Content-Type" content="text/html;charset=utf-8" />
  <meta name='ocr-system' content='tesseract 3.04.00' />
  <meta name='ocr-capabilities' content='ocr_page ocr_carea ocr_par ocr_line ocrx_word'/>
</head>
<body>
  <div class='ocr_page' id='page_1' title='image "./liberdeexordiis00walagoog/liberdeexordiis00walagoog_0075.png"; bbox 0 0 2768 4552; ppageno 0'>
   <div class='ocr_carea' id='block_1_1' title="bbox 578 329 791 387">
    <p class='ocr_par' dir='ltr' id='par_1_1' title="bbox 578 329 791 387">
     <span class='ocr_line' id='line_1_1' title="bbox 578 329 791 387; baseline -0.005 -16"><span class='ocrx_word' id='word_1_1' title='bbox 578 329 791 387; x_wconf 67' lang='lat'>„52-</span> 
     </span>
    </p>
   </div>
   <div class='ocr_carea' id='block_1_2' title="bbox 151 496 1225 1693">
    <p class='ocr_par' dir='ltr' id='par_1_2' title="bbox 151 496 1225 1693">
     <span class='ocr_line' id='line_1_2' title="bbox 152 496 1221 576; baseline -0.004 -17"><span class='ocrx_word' id='word_1_2' title='bbox 152 503 259 561; x_wconf 87' lang='lat' dir='ltr'>vivere</span> <span class='ocrx_word' id='word_1_3' title='bbox 276 517 338 560; x_wconf 93' lang='lat' dir='ltr'>non</span> <span class='ocrx_word' id='word_1_4' title='bbox 360 513 540 576; x_wconf 90' lang='lat' dir='ltr'>possumus,</span> <span class='ocrx_word' id='word_1_5' title='bbox 564 498 693 570; x_wconf 77' lang='lat' dir='ltr'>iugitera</span> <span class='ocrx_word' id='word_1_6' title='bbox 715 497 889 557; x_wconf 82' lang='lat' dir='ltr'>ambiamus</span> <span class='ocrx_word' id='word_1_7' title='bbox 906 503 936 555; x_wconf 87' lang='lat' dir='ltr'>et</span> <span class='ocrx_word' id='word_1_8' title='bbox 957 497 1113 557; x_wconf 87' lang='lat' dir='ltr'>desiderio</span> <span class='ocrx_word' id='word_1_9' title='bbox 1137 496 1221 556; x_wconf 93' lang='lat' dir='ltr'>illius</span> 
     </span>
     <span class='ocr_line' id='line_1_3' title="bbox 151 599 1222 677; baseline -0.004 -15"><span class='ocrx_word' id='word_1_10' title='bbox 151 604 290 663; x_wconf 87' lang='lat' dir='ltr'>tuitionis</span> <span class='ocrx_word' id='word_1_11' title='bbox 327 603 429 677; x_wconf 90' lang='lat' dir='ltr'>potius</span> <span class='ocrx_word' id='word_1_12' title='bbox 468 616 560 676; x_wconf 89' lang='lat' dir='ltr'>quam</span> <span class='ocrx_word' id='word_1_13' title='bbox 601 599 875 674; x_wconf 86' lang='lat' dir='ltr'>praesumptione¹</span> <span class='ocrx_word' id='word_1_14' title='bbox 914 604 1039 659; x_wconf 88' lang='lat' dir='ltr'>nostrae</span> <span class='ocrx_word' id='word_1_15' title='bbox 1076 599 1222 674; x_wconf 86' lang='lat' dir='ltr'>puritatis</span> 
     </span>
     <span class='ocr_line' id='line_1_4' title="bbox 153 701 1221 778; baseline -0.007 -12"><span class='ocrx_word' id='word_1_16' title='bbox 153 721 313 766; x_wconf 87' lang='lat' dir='ltr'>sumamus</span> <span class='ocrx_word' id='word_1_17' title='bbox 341 704 499 764; x_wconf 82' lang='lat' dir='ltr'>imitantes</span> <span class='ocrx_word' id='word_1_18' title='bbox 527 702 701 778; x_wconf 86' lang='lat' dir='ltr'>primitivae</span> <span class='ocrx_word' id='word_1_19' title='bbox 731 702 880 761; x_wconf 82' lang='lat' dir='ltr'>ecciesiae</span> <span class='ocrx_word' id='word_1_20' title='bbox 909 701 1044 760; x_wconf 89' lang='lat' dir='ltr'>studium</span> <span class='ocrx_word' id='word_1_21' title='bbox 1072 702 1221 773; x_wconf 85' lang='lat' dir='ltr'>salutare,</span> 
     </span>
     <span class='ocr_line' id='line_1_5' title="bbox 153 804 1223 882; baseline -0.004 -18"><span class='ocrx_word' id='word_1_22' title='bbox 153 807 191 865; x_wconf 88' lang='lat' dir='ltr'>de</span> <span class='ocrx_word' id='word_1_23' title='bbox 221 822 281 882; x_wconf 92' lang='lat' dir='ltr'>quo</span> <span class='ocrx_word' id='word_1_24' title='bbox 313 806 341 864; x_wconf 89' lang='lat' dir='ltr'>in</span> <span class='ocrx_word' id='word_1_25' title='bbox 371 805 490 865; x_wconf 85' lang='lat' dir='ltr'>autibus</span> <span class='ocrx_word' id='word_1_26' title='bbox 521 805 734 880; x_wconf 87' lang='lat' dir='ltr'>apostolorum</span> <span class='ocrx_word' id='word_1_27' title='bbox 765 804 806 862; x_wconf 87' lang='lat' dir='ltr'>ita</span> <span class='ocrx_word' id='word_1_28' title='bbox 835 804 982 879; x_wconf 84' lang='lat' dir='ltr'>seriptum</span> <span class='ocrx_word' id='word_1_29' title='bbox 1017 808 1077 863; x_wconf 90' lang='lat' dir='ltr'>est:</span> <span class='ocrx_word' id='word_1_30' title='bbox 1111 811 1223 874; x_wconf 84' lang='lat' dir='ltr'>„erant</span> 
     </span>
     <span class='ocr_line' id='line_1_6' title="bbox 153 906 1222 983; baseline -0.004 -17"><span class='ocrx_word' id='word_1_31' title='bbox 153 913 253 967; x_wconf 78' lang='lat' dir='ltr'>utitem</span> <span class='ocrx_word' id='word_1_32' title='bbox 271 914 512 983; x_wconf 81' lang='lat' dir='ltr'>perseuerantes</span> <span class='ocrx_word' id='word_1_33' title='bbox 538 909 568 965; x_wconf 83' lang='lat' dir='ltr'>in</span> <span class='ocrx_word' id='word_1_34' title='bbox 593 907 737 966; x_wconf 78' lang='lat' dir='ltr'>doctriua</span> <span class='ocrx_word' id='word_1_35' title='bbox 766 910 975 981; x_wconf 83' lang='lat' dir='ltr'>apostotorum</span> <span class='ocrx_word' id='word_1_36' title='bbox 992 912 1029 964; x_wconf 43' lang='lat' dir='ltr'>*et</span> <span class='ocrx_word' id='word_1_37' title='bbox 1052 906 1222 963; x_wconf 83' lang='lat' dir='ltr'>communi-</span> 
     </span>
     <span class='ocr_line' id='line_1_7' title="bbox 154 1007 1222 1084; baseline -0.006 -13"><span class='ocrx_word' id='word_1_38' title='bbox 154 1013 277 1071; x_wconf 77' lang='lat' dir='ltr'>catione</span> <span class='ocrx_word' id='word_1_39' title='bbox 295 1011 464 1082; x_wconf 78' lang='lat' dir='ltr'>fructiouis</span> <span class='ocrx_word' id='word_1_40' title='bbox 481 1009 577 1084; x_wconf 84' lang='lat' dir='ltr'>ponis</span> <span class='ocrx_word' id='word_1_41' title='bbox 600 1013 630 1064; x_wconf 86' lang='lat' dir='ltr'>et</span> <span class='ocrx_word' id='word_1_42' title='bbox 652 1009 897 1079; x_wconf 47' lang='lat' dir='ltr'>orationibus&amp;</span> <span class='ocrx_word' id='word_1_43' title='bbox 920 1013 951 1065; x_wconf 86' lang='lat' dir='ltr'>et</span> <span class='ocrx_word' id='word_1_44' title='bbox 973 1007 1063 1066; x_wconf 84' lang='lat' dir='ltr'>inira:</span> <span class='ocrx_word' id='word_1_45' title='bbox 1088 1007 1222 1076; x_wconf 66' lang='lat' dir='ltr'>‚aottute</span> 
     </span>
     <span class='ocr_line' id='line_1_8' title="bbox 153 1108 1222 1186; baseline -0.005 -15"><span class='ocrx_word' id='word_1_46' title='bbox 153 1128 276 1186; x_wconf 80' lang='lat' dir='ltr'>quoque</span> <span class='ocrx_word' id='word_1_47' title='bbox 299 1112 510 1186; x_wconf 81' lang='lat' dir='ltr'>perdurantes</span> <span class='ocrx_word' id='word_1_48' title='bbox 543 1112 732 1168; x_wconf 78' lang='lat' dir='ltr'>unanimiter</span> <span class='ocrx_word' id='word_1_49' title='bbox 765 1113 795 1168; x_wconf 84' lang='lat' dir='ltr'>in</span> <span class='ocrx_word' id='word_1_50' title='bbox 830 1111 942 1184; x_wconf 86' lang='lat' dir='ltr'>tempto</span> <span class='ocrx_word' id='word_1_51' title='bbox 976 1114 1007 1166; x_wconf 86' lang='lat' dir='ltr'>et</span> <span class='ocrx_word' id='word_1_52' title='bbox 1034 1108 1222 1180; x_wconf 80' lang='lat' dir='ltr'>fronpentes</span> 
     </span>
     <span class='ocr_line' id='line_1_9' title="bbox 153 1211 1224 1287; baseline -0.004 -15"><span class='ocrx_word' id='word_1_53' title='bbox 153 1216 243 1272; x_wconf 78' lang='lat' dir='ltr'>circo</span> <span class='ocrx_word' id='word_1_54' title='bbox 270 1214 374 1272; x_wconf 82' lang='lat' dir='ltr'>domos</span> <span class='ocrx_word' id='word_1_55' title='bbox 395 1228 521 1287; x_wconf 86' lang='lat' dir='ltr'>punem,</span> <span class='ocrx_word' id='word_1_56' title='bbox 557 1213 719 1271; x_wconf 79' lang='lat' dir='ltr'>sumebant</span> <span class='ocrx_word' id='word_1_57' title='bbox 746 1213 846 1271; x_wconf 80' lang='lat' dir='ltr'>etium</span> <span class='ocrx_word' id='word_1_58' title='bbox 874 1228 942 1270; x_wconf 80' lang='lat' dir='ltr'>cum</span> <span class='ocrx_word' id='word_1_59' title='bbox 970 1211 1161 1270; x_wconf 78' lang='lat' dir='ltr'>exultatione</span> <span class='ocrx_word' id='word_1_60' title='bbox 1192 1216 1224 1269; x_wconf 86' lang='lat' dir='ltr'>et</span> 
     </span>
     <span class='ocr_line' id='line_1_10' title="bbox 152 1311 1225 1389; baseline -0.005 -15"><span class='ocrx_word' id='word_1_61' title='bbox 152 1316 350 1389; x_wconf 79' lang='lat' dir='ltr'>simplicitate</span> <span class='ocrx_word' id='word_1_62' title='bbox 378 1316 492 1388; x_wconf 73' lang='lat' dir='ltr'>cordio,</span> <span class='ocrx_word' id='word_1_63' title='bbox 522 1314 685 1373; x_wconf 80' lang='lat' dir='ltr'>laudantes</span> <span class='ocrx_word' id='word_1_64' title='bbox 707 1314 859 1384; x_wconf 75' lang='lat' dir='ltr'>ueum“³,·</span> <span class='ocrx_word' id='word_1_65' title='bbox 893 1318 924 1370; x_wconf 89' lang='lat' dir='ltr'>et</span> <span class='ocrx_word' id='word_1_66' title='bbox 950 1312 1075 1370; x_wconf 86' lang='lat' dir='ltr'>iterum:</span> <span class='ocrx_word' id='word_1_67' title='bbox 1112 1311 1225 1384; x_wconf 80' lang='lat' dir='ltr'>„Omni</span> 
     </span>
     <span class='ocr_line' id='line_1_11' title="bbox 154 1414 1224 1490; baseline -0.002 -16"><span class='ocrx_word' id='word_1_68' title='bbox 154 1422 256 1475; x_wconf 82' lang='lat' dir='ltr'>autem</span> <span class='ocrx_word' id='word_1_69' title='bbox 280 1417 328 1474; x_wconf 82' lang='lat' dir='ltr'>ttie</span> <span class='ocrx_word' id='word_1_70' title='bbox 351 1417 381 1473; x_wconf 85' lang='lat' dir='ltr'>in</span> <span class='ocrx_word' id='word_1_71' title='bbox 405 1417 517 1490; x_wconf 86' lang='lat' dir='ltr'>tempto</span> <span class='ocrx_word' id='word_1_72' title='bbox 541 1421 571 1472; x_wconf 87' lang='lat' dir='ltr'>et</span> <span class='ocrx_word' id='word_1_73' title='bbox 592 1417 681 1473; x_wconf 81' lang='lat' dir='ltr'>circa</span> <span class='ocrx_word' id='word_1_74' title='bbox 698 1417 803 1475; x_wconf 82' lang='lat' dir='ltr'>domos</span> <span class='ocrx_word' id='word_1_75' title='bbox 818 1431 878 1473; x_wconf 84' lang='lat' dir='ltr'>nou</span> <span class='ocrx_word' id='word_1_76' title='bbox 898 1415 1062 1474; x_wconf 81' lang='lat' dir='ltr'>cessabunt</span> <span class='ocrx_word' id='word_1_77' title='bbox 1075 1414 1224 1473; x_wconf 77' lang='lat' dir='ltr'>docentes</span> 
     </span>
     <span class='ocr_line' id='line_1_12' title="bbox 154 1515 1222 1591; baseline -0.003 -13"><span class='ocrx_word' id='word_1_78' title='bbox 154 1525 184 1578; x_wconf 86' lang='lat' dir='ltr'>et</span> <span class='ocrx_word' id='word_1_79' title='bbox 206 1519 453 1591; x_wconf 81' lang='lat' dir='ltr'>euunpetizuotes</span> <span class='ocrx_word' id='word_1_80' title='bbox 469 1517 620 1576; x_wconf 73' lang='lat' dir='ltr'>Christum</span> <span class='ocrx_word' id='word_1_81' title='bbox 635 1516 789 1575; x_wconf 78' lang='lat' dir='ltr'>Jesum.“⁴</span> <span class='ocrx_word' id='word_1_82' title='bbox 821 1517 900 1577; x_wconf 90' lang='lat' dir='ltr'>Nota</span> <span class='ocrx_word' id='word_1_83' title='bbox 922 1515 1006 1590; x_wconf 92' lang='lat' dir='ltr'>quod</span> <span class='ocrx_word' id='word_1_84' title='bbox 1030 1515 1110 1588; x_wconf 83' lang='lat' dir='ltr'>dicit,</span> <span class='ocrx_word' id='word_1_85' title='bbox 1133 1516 1222 1589; x_wconf 90' lang='lat' dir='ltr'>prius</span> 
     </span>
     <span class='ocr_line' id='line_1_13' title="bbox 154 1616 1023 1693; baseline -0.006 -16"><span class='ocrx_word' id='word_1_86' title='bbox 154 1634 208 1677; x_wconf 85' lang='lat' dir='ltr'>eos</span> <span class='ocrx_word' id='word_1_87' title='bbox 231 1618 361 1693; x_wconf 81' lang='lat' dir='ltr'>fregisse</span> <span class='ocrx_word' id='word_1_88' title='bbox 385 1635 497 1693; x_wconf 87' lang='lat' dir='ltr'>panem</span> <span class='ocrx_word' id='word_1_89' title='bbox 520 1634 557 1678; x_wconf 88' lang='lat' dir='ltr'>ae</span> <span class='ocrx_word' id='word_1_90' title='bbox 580 1617 690 1676; x_wconf 89' lang='lat' dir='ltr'>deiude</span> <span class='ocrx_word' id='word_1_91' title='bbox 714 1616 815 1677; x_wconf 88' lang='lat' dir='ltr'>eibum</span> <span class='ocrx_word' id='word_1_92' title='bbox 839 1618 1023 1693; x_wconf 82' lang='lat' dir='ltr'>sumpsisse.</span> 
     </span>
    </p>
   </div>
   <div class='ocr_carea' id='block_1_3' title="bbox 635 2027 738 2095">
    <p class='ocr_par' dir='ltr' id='par_1_3' title="bbox 635 2027 738 2095">
     <span class='ocr_line' id='line_1_14' title="bbox 635 2027 738 2095; baseline -0.01 0"><span class='ocrx_word' id='word_1_93' title='bbox 635 2027 738 2095; x_wconf 86' lang='lat' dir='ltr'>XXII.</span> 
     </span>
    </p>
   </div>
   <div class='ocr_carea' id='block_1_4' title="bbox 159 2194 1225 2295">
    <p class='ocr_par' dir='ltr' id='par_1_4' title="bbox 159 2194 1225 2295">
     <span class='ocr_line' id='line_1_15' title="bbox 159 2194 1225 2295; baseline 0 -29"><span class='ocrx_word' id='word_1_94' title='bbox 159 2197 274 2267; x_wconf 82' lang='lat' dir='ltr'>Utrum</span> <span class='ocrx_word' id='word_1_95' title='bbox 304 2198 406 2266; x_wconf 83' lang='lat' dir='ltr'>semet</span> <span class='ocrx_word' id='word_1_96' title='bbox 429 2198 482 2266; x_wconf 82' lang='lat' dir='ltr'>uel</span> <span class='ocrx_word' id='word_1_97' title='bbox 509 2198 645 2287; x_wconf 79' lang='lat' dir='ltr'>saepius</span> <span class='ocrx_word' id='word_1_98' title='bbox 676 2198 710 2264; x_wconf 82' lang='lat' dir='ltr'>t&#39;o</span> <span class='ocrx_word' id='word_1_99' title='bbox 739 2196 798 2295; x_wconf 16' lang='lat' dir='ltr'>‚die</span> <span class='ocrx_word' id='word_1_100' title='bbox 824 2194 955 2286; x_wconf 79' lang='lat' dir='ltr'>offerre</span> <span class='ocrx_word' id='word_1_101' title='bbox 986 2196 1165 2265; x_wconf 74' lang='lat' dir='ltr'>couventui</span> <span class='ocrx_word' id='word_1_102' title='bbox 1189 2203 1225 2266; x_wconf 81' lang='lat' dir='ltr'>et</span> 
     </span>
    </p>
   </div>
   <div class='ocr_carea' id='block_1_5' title="bbox 558 2316 811 2382">
    <p class='ocr_par' dir='ltr' id='par_1_5' title="bbox 558 2316 811 2382">
     <span class='ocr_line' id='line_1_16' title="bbox 558 2316 811 2382; baseline 0 0"><span class='ocrx_word' id='word_1_103' title='bbox 558 2316 811 2382; x_wconf 77' lang='lat' dir='ltr'>communicare.</span> 
     </span>
    </p>
   </div>
   <div class='ocr_carea' id='block_1_6' title="bbox 153 2516 1225 3510">
    <p class='ocr_par' dir='ltr' id='par_1_6' title="bbox 153 2516 1225 3510">
     <span class='ocr_line' id='line_1_17' title="bbox 217 2516 1223 2590; baseline 0.002 -15"><span class='ocrx_word' id='word_1_104' title='bbox 217 2516 392 2576; x_wconf 85' lang='lat' dir='ltr'>Diversitas</span> <span class='ocrx_word' id='word_1_105' title='bbox 408 2521 512 2574; x_wconf 87' lang='lat' dir='ltr'>autem</span> <span class='ocrx_word' id='word_1_106' title='bbox 528 2517 691 2589; x_wconf 88' lang='lat' dir='ltr'>quaedam</span> <span class='ocrx_word' id='word_1_107' title='bbox 706 2518 785 2576; x_wconf 89' lang='lat' dir='ltr'>inter</span> <span class='ocrx_word' id='word_1_108' title='bbox 801 2517 984 2577; x_wconf 87' lang='lat' dir='ltr'>sacerdotes</span> <span class='ocrx_word' id='word_1_109' title='bbox 1001 2517 1113 2577; x_wconf 87' lang='lat' dir='ltr'>oboriri</span> <span class='ocrx_word' id='word_1_110' title='bbox 1132 2518 1223 2590; x_wconf 89' lang='lat' dir='ltr'>solet,</span> 
     </span>
     <span class='ocr_line' id='line_1_18' title="bbox 154 2615 1223 2693; baseline 0 -16"><span class='ocrx_word' id='word_1_111' title='bbox 154 2615 246 2693; x_wconf 80' lang='lat' dir='ltr'>quiab</span> <span class='ocrx_word' id='word_1_112' title='bbox 269 2624 316 2677; x_wconf 85' lang='lat' dir='ltr'>est</span> <span class='ocrx_word' id='word_1_113' title='bbox 337 2616 417 2688; x_wconf 87' lang='lat' dir='ltr'>talis,</span> <span class='ocrx_word' id='word_1_114' title='bbox 441 2616 494 2690; x_wconf 89' lang='lat' dir='ltr'>qui</span> <span class='ocrx_word' id='word_1_115' title='bbox 518 2619 615 2676; x_wconf 89' lang='lat' dir='ltr'>semei</span> <span class='ocrx_word' id='word_1_116' title='bbox 638 2624 755 2677; x_wconf 85' lang='lat' dir='ltr'>tantum</span> <span class='ocrx_word' id='word_1_117' title='bbox 786 2620 814 2677; x_wconf 90' lang='lat' dir='ltr'>in</span> <span class='ocrx_word' id='word_1_118' title='bbox 840 2619 888 2677; x_wconf 87' lang='lat' dir='ltr'>die</span> <span class='ocrx_word' id='word_1_119' title='bbox 913 2620 1041 2678; x_wconf 90' lang='lat' dir='ltr'>missam</span> <span class='ocrx_word' id='word_1_120' title='bbox 1064 2617 1223 2677; x_wconf 80' lang='lat' dir='ltr'>celebrare</span> 
     </span>
     <span class='ocr_line' id='line_1_19' title="bbox 154 2718 1224 2797; baseline 0.001 -20"><span class='ocrx_word' id='word_1_121' title='bbox 154 2721 232 2778; x_wconf 84' lang='lat' dir='ltr'>velit</span> <span class='ocrx_word' id='word_1_122' title='bbox 261 2720 403 2779; x_wconf 90' lang='lat' dir='ltr'>nimirum</span> <span class='ocrx_word' id='word_1_123' title='bbox 432 2718 576 2793; x_wconf 86' lang='lat' dir='ltr'>eredens,</span> <span class='ocrx_word' id='word_1_124' title='bbox 607 2720 688 2779; x_wconf 92' lang='lat' dir='ltr'>idem</span> <span class='ocrx_word' id='word_1_125' title='bbox 718 2722 899 2797; x_wconf 85' lang='lat' dir='ltr'>mysterium</span> <span class='ocrx_word' id='word_1_126' title='bbox 928 2721 1084 2796; x_wconf 87' lang='lat' dir='ltr'>passionis</span> <span class='ocrx_word' id='word_1_127' title='bbox 1109 2720 1224 2781; x_wconf 85' lang='lat' dir='ltr'>Christi</span> 
     </span>
     <span class='ocr_line' id='line_1_20' title="bbox 156 2820 1224 2898; baseline 0.001 -17"><span class='ocrx_word' id='word_1_128' title='bbox 156 2826 337 2881; x_wconf 80' lang='lat' dir='ltr'>cunctarum</span> <span class='ocrx_word' id='word_1_129' title='bbox 361 2820 580 2881; x_wconf 80' lang='lat' dir='ltr'>necessitatum</span> <span class='ocrx_word' id='word_1_130' title='bbox 600 2838 671 2881; x_wconf 91' lang='lat' dir='ltr'>esse</span> <span class='ocrx_word' id='word_1_131' title='bbox 687 2824 832 2896; x_wconf 83' lang='lat' dir='ltr'>generale</span> <span class='ocrx_word' id='word_1_132' title='bbox 849 2823 1031 2892; x_wconf 84' lang='lat' dir='ltr'>subsidium,</span> <span class='ocrx_word' id='word_1_133' title='bbox 1049 2824 1123 2898; x_wconf 91' lang='lat' dir='ltr'>quia</span> <span class='ocrx_word' id='word_1_134' title='bbox 1139 2837 1224 2882; x_wconf 91' lang='lat' dir='ltr'>unus</span> 
     </span>
     <span class='ocr_line' id='line_1_21' title="bbox 156 2923 1225 2999; baseline 0.002 -17"><span class='ocrx_word' id='word_1_135' title='bbox 156 2924 209 2999; x_wconf 94' lang='lat' dir='ltr'>qui</span> <span class='ocrx_word' id='word_1_136' title='bbox 232 2923 405 2982; x_wconf 86' lang='lat' dir='ltr'>dominator</span> <span class='ocrx_word' id='word_1_137' title='bbox 427 2931 457 2983; x_wconf 90' lang='lat' dir='ltr'>et</span> <span class='ocrx_word' id='word_1_138' title='bbox 478 2924 573 2983; x_wconf 86' lang='lat' dir='ltr'>iudex</span> <span class='ocrx_word' id='word_1_139' title='bbox 596 2930 644 2982; x_wconf 92' lang='lat' dir='ltr'>est</span> <span class='ocrx_word' id='word_1_140' title='bbox 665 2924 808 2983; x_wconf 86' lang='lat' dir='ltr'>vivorum</span> <span class='ocrx_word' id='word_1_141' title='bbox 833 2942 871 2984; x_wconf 88' lang='lat' dir='ltr'>au</span> <span class='ocrx_word' id='word_1_142' title='bbox 894 2931 1094 2997; x_wconf 86' lang='lat' dir='ltr'>mortuorum,</span> <span class='ocrx_word' id='word_1_143' title='bbox 1125 2928 1225 2985; x_wconf 87' lang='lat' dir='ltr'>semei</span> 
     </span>
     <span class='ocr_line' id='line_1_22' title="bbox 158 3025 1225 3102; baseline 0.002 -18"><span class='ocrx_word' id='word_1_144' title='bbox 158 3041 213 3102; x_wconf 88' lang='lat' dir='ltr'>pro</span> <span class='ocrx_word' id='word_1_145' title='bbox 237 3025 373 3101; x_wconf 86' lang='lat' dir='ltr'>peccatis</span> <span class='ocrx_word' id='word_1_146' title='bbox 392 3026 504 3085; x_wconf 84' lang='lat' dir='ltr'>uostris</span> <span class='ocrx_word' id='word_1_147' title='bbox 521 3032 662 3084; x_wconf 90' lang='lat' dir='ltr'>mortuus</span> <span class='ocrx_word' id='word_1_148' title='bbox 680 3034 728 3086; x_wconf 90' lang='lat' dir='ltr'>est</span> <span class='ocrx_word' id='word_1_149' title='bbox 751 3029 795 3086; x_wconf 82' lang='lat' dir='ltr'>od</span> <span class='ocrx_word' id='word_1_150' title='bbox 808 3032 972 3088; x_wconf 84' lang='lat' dir='ltr'>multorum</span> <span class='ocrx_word' id='word_1_151' title='bbox 989 3027 1225 3086; x_wconf 54' lang='lat' dir='ltr'>exhauriendas</span> 
     </span>
     <span class='ocr_line' id='line_1_23' title="bbox 153 3127 1225 3205; baseline 0.001 -18"><span class='ocrx_word' id='word_1_152' title='bbox 153 3131 318 3203; x_wconf 74' lang='lat' dir='ltr'>peccota.5</span> <span class='ocrx_word' id='word_1_153' title='bbox 339 3127 428 3187; x_wconf 86' lang='lat' dir='ltr'>Alius</span> <span class='ocrx_word' id='word_1_154' title='bbox 443 3143 519 3187; x_wconf 81' lang='lat' dir='ltr'>uero</span> <span class='ocrx_word' id='word_1_155' title='bbox 535 3127 592 3200; x_wconf 89' lang='lat' dir='ltr'>bis,</span> <span class='ocrx_word' id='word_1_156' title='bbox 608 3133 655 3186; x_wconf 87' lang='lat' dir='ltr'>ter</span> <span class='ocrx_word' id='word_1_157' title='bbox 667 3129 716 3186; x_wconf 89' lang='lat' dir='ltr'>vei</span> <span class='ocrx_word' id='word_1_158' title='bbox 733 3129 930 3203; x_wconf 86' lang='lat' dir='ltr'>quotieslibet</span> <span class='ocrx_word' id='word_1_159' title='bbox 946 3129 1056 3188; x_wconf 86' lang='lat' dir='ltr'>eadem</span> <span class='ocrx_word' id='word_1_160' title='bbox 1073 3129 1225 3205; x_wconf 84' lang='lat' dir='ltr'>mysteria</span> 
     </span>
     <span class='ocr_line' id='line_1_24' title="bbox 157 3228 1224 3306; baseline 0.004 -20"><span class='ocrx_word' id='word_1_161' title='bbox 157 3228 251 3288; x_wconf 90' lang='lat' dir='ltr'>indie</span> <span class='ocrx_word' id='word_1_162' title='bbox 274 3231 385 3289; x_wconf 86' lang='lat' dir='ltr'>iterare</span> <span class='ocrx_word' id='word_1_163' title='bbox 401 3246 573 3304; x_wconf 78' lang='lat' dir='ltr'>congruum</span> <span class='ocrx_word' id='word_1_164' title='bbox 598 3237 687 3304; x_wconf 88' lang='lat' dir='ltr'>putat</span> <span class='ocrx_word' id='word_1_165' title='bbox 706 3230 846 3303; x_wconf 85' lang='lat' dir='ltr'>eredens,</span> <span class='ocrx_word' id='word_1_166' title='bbox 869 3237 956 3292; x_wconf 86' lang='lat' dir='ltr'>tanto</span> <span class='ocrx_word' id='word_1_167' title='bbox 973 3232 1106 3306; x_wconf 88' lang='lat' dir='ltr'>amplius</span> <span class='ocrx_word' id='word_1_168' title='bbox 1123 3231 1224 3292; x_wconf 91' lang='lat' dir='ltr'>Deum</span> 
     </span>
     <span class='ocr_line' id='line_1_25' title="bbox 157 3331 1225 3406; baseline 0.002 -16"><span class='ocrx_word' id='word_1_169' title='bbox 157 3331 196 3390; x_wconf 88' lang='lat' dir='ltr'>ad</span> <span class='ocrx_word' id='word_1_170' title='bbox 220 3331 460 3392; x_wconf 85' lang='lat' dir='ltr'>misericordiam</span> <span class='ocrx_word' id='word_1_171' title='bbox 477 3331 566 3403; x_wconf 82' lang='lat' dir='ltr'>flecti,</span> <span class='ocrx_word' id='word_1_172' title='bbox 591 3337 707 3406; x_wconf 87' lang='lat' dir='ltr'>quanto</span> <span class='ocrx_word' id='word_1_173' title='bbox 725 3332 863 3392; x_wconf 83' lang='lat' dir='ltr'>erebrius</span> <span class='ocrx_word' id='word_1_174' title='bbox 885 3333 991 3406; x_wconf 88' lang='lat' dir='ltr'>passio</span> <span class='ocrx_word' id='word_1_175' title='bbox 1009 3331 1121 3391; x_wconf 81' lang='lat' dir='ltr'>Christi</span> <span class='ocrx_word' id='word_1_176' title='bbox 1138 3348 1225 3392; x_wconf 84' lang='lat' dir='ltr'>eom-</span> 
     </span>
     <span class='ocr_line' id='line_1_26' title="bbox 158 3434 1225 3510; baseline 0.002 -18"><span class='ocrx_word' id='word_1_177' title='bbox 158 3443 361 3510; x_wconf 65' lang='lat' dir='ltr'>memoratum</span> <span class='ocrx_word' id='word_1_178' title='bbox 390 3441 421 3492; x_wconf 90' lang='lat' dir='ltr'>et</span> <span class='ocrx_word' id='word_1_179' title='bbox 449 3436 578 3494; x_wconf 86' lang='lat' dir='ltr'>tortasse</span> <span class='ocrx_word' id='word_1_180' title='bbox 609 3434 869 3493; x_wconf 87' lang='lat' dir='ltr'>consuetudinem</span> <span class='ocrx_word' id='word_1_181' title='bbox 896 3449 985 3492; x_wconf 86' lang='lat' dir='ltr'>suam</span> <span class='ocrx_word' id='word_1_182' title='bbox 1015 3434 1086 3492; x_wconf 88' lang='lat' dir='ltr'>inde</span> <span class='ocrx_word' id='word_1_183' title='bbox 1114 3435 1225 3495; x_wconf 84' lang='lat' dir='ltr'>confir-</span> 
     </span>
    </p>
   </div>
   <div class='ocr_carea' id='block_1_7' title="bbox 226 3587 942 3664">
    <p class='ocr_par' dir='ltr' id='par_1_7' title="bbox 226 3587 942 3664">
     <span class='ocr_line' id='line_1_27' title="bbox 226 3587 942 3664; baseline 0 -13"><span class='ocrx_word' id='word_1_184' title='bbox 226 3602 275 3663; x_wconf 71' lang='lat' dir='ltr'>ae,</span> <span class='ocrx_word' id='word_1_185' title='bbox 294 3602 417 3664; x_wconf 80' lang='lat' dir='ltr'>gnaviter.</span> <span class='ocrx_word' id='word_1_186' title='bbox 436 3630 467 3637; x_wconf 95' lang='lat'><em>—</em></span> <span class='ocrx_word' id='word_1_187' title='bbox 490 3587 503 3627; x_wconf 72' lang='lat' dir='ltr'><strong>b</strong></span> <span class='ocrx_word' id='word_1_188' title='bbox 522 3615 542 3661; x_wconf 85' lang='lat' dir='ltr'>o,</span> <span class='ocrx_word' id='word_1_189' title='bbox 560 3614 635 3664; x_wconf 85' lang='lat' dir='ltr'>quae.</span> <span class='ocrx_word' id='word_1_190' title='bbox 654 3628 685 3636; x_wconf 93' lang='lat'>-</span> <span class='ocrx_word' id='word_1_191' title='bbox 705 3599 716 3626; x_wconf 76' lang='lat'><strong>⁰</strong></span> <span class='ocrx_word' id='word_1_192' title='bbox 734 3599 767 3661; x_wconf 88' lang='grc' dir='ltr'>Μ,</span> <span class='ocrx_word' id='word_1_193' title='bbox 786 3600 942 3652; x_wconf 84' lang='lat' dir='ltr'>evacuanda.</span> 
     </span>
    </p>
   </div>
   <div class='ocr_carea' id='block_1_8' title="bbox 157 3751 1224 3899">
    <p class='ocr_par' dir='ltr' id='par_1_8' title="bbox 157 3751 1224 3899">
     <span class='ocr_line' id='line_1_28' title="bbox 229 3751 1224 3818; baseline 0.001 -15"><span class='ocrx_word' id='word_1_194' title='bbox 229 3758 236 3790; x_wconf 91' lang='lat'><strong>¹</strong></span> <span class='ocrx_word' id='word_1_195' title='bbox 255 3753 320 3803; x_wconf 87' lang='lat' dir='ltr'>Hine</span> <span class='ocrx_word' id='word_1_196' title='bbox 338 3754 419 3818; x_wconf 81' lang='lat' dir='ltr'>pergit</span> <span class='ocrx_word' id='word_1_197' title='bbox 431 3753 542 3804; x_wconf 65' lang='lat' dir='ltr'>coditi.</span> <span class='ocrx_word' id='word_1_198' title='bbox 562 3781 594 3790; x_wconf 88' lang='lat'>-</span> <span class='ocrx_word' id='word_1_199' title='bbox 615 3755 625 3789; x_wconf 87' lang='lat'><strong>²</strong></span> <span class='ocrx_word' id='word_1_200' title='bbox 644 3755 701 3803; x_wconf 85' lang='lat' dir='ltr'>Aoi.</span> <span class='ocrx_word' id='word_1_201' title='bbox 720 3751 747 3813; x_wconf 85' lang='lat' dir='ltr'>ll,</span> <span class='ocrx_word' id='word_1_202' title='bbox 766 3753 806 3803; x_wconf 81' lang='lat'>42.</span> <span class='ocrx_word' id='word_1_203' title='bbox 825 3781 858 3789; x_wconf 95' lang='lat'><em>-</em></span> <span class='ocrx_word' id='word_1_204' title='bbox 876 3755 887 3790; x_wconf 82' lang='lat'>³</span> <span class='ocrx_word' id='word_1_205' title='bbox 905 3754 962 3803; x_wconf 85' lang='lat' dir='ltr'>Aet.</span> <span class='ocrx_word' id='word_1_206' title='bbox 981 3752 1008 3811; x_wconf 82' lang='lat' dir='ltr'>li.</span> <span class='ocrx_word' id='word_1_207' title='bbox 1027 3755 1068 3805; x_wconf 88' lang='grc'>46.</span> <span class='ocrx_word' id='word_1_208' title='bbox 1088 3781 1118 3791; x_wconf 89' lang='grc'>-</span> <span class='ocrx_word' id='word_1_209' title='bbox 1138 3758 1149 3790; x_wconf 82' lang='lat'><strong>⁴</strong></span> <span class='ocrx_word' id='word_1_210' title='bbox 1168 3757 1224 3805; x_wconf 83' lang='lat' dir='ltr'>Aet.</span> 
     </span>
     <span class='ocr_line' id='line_1_29' title="bbox 157 3835 541 3899; baseline 0.005 -13"><span class='ocrx_word' id='word_1_211' title='bbox 157 3836 189 3899; x_wconf 92' lang='lat' dir='ltr'>V,</span> <span class='ocrx_word' id='word_1_212' title='bbox 208 3839 248 3889; x_wconf 74' lang='lat'>42.</span> <span class='ocrx_word' id='word_1_213' title='bbox 267 3867 300 3874; x_wconf 96' lang='lat'><em>-</em></span> <span class='ocrx_word' id='word_1_214' title='bbox 320 3843 330 3874; x_wconf 82' lang='lat'>⁵</span> <span class='ocrx_word' id='word_1_215' title='bbox 348 3836 423 3887; x_wconf 82' lang='lat' dir='ltr'>Hebr.</span> <span class='ocrx_word' id='word_1_216' title='bbox 442 3835 483 3896; x_wconf 83' lang='lat' dir='ltr'>lx,</span> <span class='ocrx_word' id='word_1_217' title='bbox 502 3839 541 3888; x_wconf 81' lang='lat'>28.</span> 
     </span>
    </p>
   </div>
   <div class='ocr_carea' id='block_1_9' title="bbox 0 0 1394 4552">
    <p class='ocr_par' dir='ltr' id='par_1_9' title="bbox 0 0 1394 4552">
     <span class='ocr_line' id='line_1_30' title="bbox 0 0 1394 4552; baseline 0 0"><span class='ocrx_word' id='word_1_218' title='bbox 0 0 1394 4552; x_wconf 95' lang='lat' dir='ltr'> </span> 
     </span>
    </p>
   </div>
  </div>
 </body>
</html>
