2768 4552
579 354 789 415 ..80-

153 528 332 581 servatores
346 525 362 592 ¹,
394 524 519 582 remotis
548 523 680 582 caeterIs
704 522 981 600 compositionibus
1014 522 1095 582 bunc
1127 519 1222 580 huius

151 624 237 697 ymni
261 624 406 684 tenorem
431 642 491 684 non
517 625 604 684 aliter
627 626 849 701 suscepissent,
875 625 936 683 nisi
959 641 1029 683 eum
1049 640 1158 699 purum
1183 624 1222 682 ab

153 726 237 784 omui
253 742 357 786 errore
375 728 586 802 cognoverint.
625 727 786 786 Allirmant
802 727 955 802 siquidem
974 726 1068 796 multi,
1092 742 1222 801 ymnum

152 827 244 887 istum
275 829 374 887 niceni
404 831 523 889 concilii
551 829 766 889 sacratissima
795 829 955 889 sanctione
978 831 1133 903 prolatum
1144 829 1165 898 2,
1190 834 1224 886 ut

154 930 297 990 omnibus
311 930 419 989 officiis
433 930 664 991 et-oratIonibus
678 931 873 990 intermixtus
887 935 918 989 et
930 930 1021 989 fidem
1035 936 1223 989 coaeternae

151 1032 297 1092 trinitatis
321 1033 454 1092 inculcet
477 1039 507 1092 et
535 1032 564 1091 iu
596 1031 728 1106 singulis
752 1032 953 1107 petitionibus
977 1034 1045 1108 ipsa
1068 1031 1223 1093 conlossIo

79 1141 83 1149 ·
155 1133 264 1193 melius
289 1134 424 1195 savorem
450 1135 574 1194 diuinae
598 1135 809 1197 exauditionis
826 1137 973 1201 obtineat.
1011 1137 1101 1195 Hunc
1117 1136 1224 1211 itaque

152 1253 279 1311 ymnum
307 1236 442 1295 nonnulli
473 1237 615 1296 omnibus
645 1253 723 1313 pene
763 1238 892 1314 psalmIs
930 1245 960 1298 et
990 1238 1143 1297 interdum
1180 1238 1224 1295 in-

154 1339 323 1399 cisionibus
337 1339 528 1414 psalmorum
543 1345 697 1413 coaptant,
710 1341 918 1415 responsoriis
930 1357 1005 1400 vero
1025 1339 1224 1416 paucioribus

153 1446 189 1500 ut
211 1441 253 1499 illi
277 1442 331 1517 qui
355 1445 470 1501 statuta
495 1441 591 1516 patris
609 1441 767 1500 Benedicti
791 1443 819 1500 in
837 1440 924 1502 horis
940 1450 1115 1518 sequuntur
1131 1458 1244 1501 cano·⁴

108 1625 110 1628 y
154 1541 246 1617 nIcis3
264 1542 393 1601 Romani
410 1559 479 1602 eum
498 1543 524 1602 in
544 1544 673 1620 psalmis
689 1543 799 1616 rarius,
813 1546 841 1604 in
859 1545 1066 1621 responsoriis
1083 1545 1224 1604 crebrius

154 1643 276 1704 iterant.
316 1645 399 1703 Sane
415 1661 550 1718 versum,
567 1648 620 1721 qui
638 1646 664 1705 iu
684 1646 935 1723 capiteomnium
953 1654 1076 1721 praeter
1093 1647 1224 1706 missasa

154 1746 340 1829 officiorum,
371 1763 451 1821 quae
482 1747 568 1807 horis
592 1747 748 1808 canonicis
772 1747 974 1821 exhibentur,
999 1751 1058 1810 dici
1081 1752 1170 1823 solet,
1195 1749 1224 1808 id

169 1952 172 1958 '
222 1948 234 1974 ἃ
252 1946 270 2008 I,
290 1948 379 2008 missa;
399 1964 433 1998 m.
452 1949 567 2000 missam.

226 2140 236 2173 ¹
254 2135 304 2187 Cir.
317 2152 374 2200 sup.
387 2151 427 2200 cp.
439 2134 526 2197 XXIII,
537 2138 614 2207 pbb.
642 2165 675 2174 —
702 2139 712 2174 ²
733 2138 889 2188 Walalridus
907 2137 999 2187 lalsam
1018 2137 1059 2187 hic
1078 2137 1225 2201 opinionem

153 2226 214 2271 tunc
241 2223 363 2285 temporis
389 2222 519 2286 vigentem
546 2226 658 2288 repetere
686 2222 797 2284 videtum
830 2238 889 2273 nam
917 2222 1037 2273 omnibus
1063 2227 1152 2272 notum
1180 2225 1226 2281 est,

153 2306 319 2370 doxologiam
339 2311 506 2356 memoratam
525 2288 742 2397 concilioniceno
757 2308 836 2358 multo
849 2309 1001 2359 anteriorem
1014 2322 1077 2360 esse.
1110 2305 1227 2358 Clemens

154 2393 357 2443 Alexandrinus
374 2392 401 2454 (†
419 2405 440 2440 c.
459 2393 519 2455 217)
542 2394 656 2456 primum
679 2397 758 2466 totam
783 2392 948 2457 doxologiam
970 2396 994 2442 et
1012 2391 1116 2456 quidem
1135 2391 1226 2442 eadem

154 2475 205 2526 lere
227 2475 326 2535 Iorma,
356 2489 406 2540 qua
428 2475 505 2526 hodie
530 2478 637 2537 utimur,
663 2482 846 2544 comemmorat
869 2478 895 2527 ln
918 2475 1008 2528 IibeIIo
1030 2477 1091 2536 isto,
1114 2477 1159 2541 qui
1186 2476 1226 2526 In·
1251 2528 1254 2534 ,

60 2577 63 2582 ·
152 2559 285 2610 scribilur:
308 2556 349 2614 τίς
369 2557 555 2628 όσωζώρενος
578 2561 716 2624 πλούσιος
736 2560 781 2641 ubl
802 2561 879 2613 habet
897 2577 935 2626 cp.
953 2564 986 2613 42
1005 2561 1031 2610 in
1044 2561 1107 2612 fine:
1128 2551 1166 2630 ,,ᾦ
1184 2559 1228 2614 διὰ

156 2639 256 2701 Παιδὸς
280 2640 359 2713 Ιησοῡ
378 2640 509 2714 Χριστοῦ,
533 2644 577 2698 καὶ
602 2646 694 2718 κυρίου
719 2644 827 2714 {macuta
852 2643 897 2696 καί
919 2651 1034 2716 νεαρῶν,
1053 2643 1098 2695 ιιαί
1117 2643 1160 2696 διὰ
1178 2648 1226 2696 τοῦ

154 2727 231 2797 ἁγίου
251 2725 412 2804 Πνεόματος
437 2735 479 2805 εἴη
502 2733 578 2799 δόξα,
602 2735 682 2803 τιμὴ,
705 2726 952 2804 κράτοςΛαίώνιος
971 2728 1163 2800 μεγαλειότης,
1183 2729 1228 2782 καὶ

155 2817 200 2865 νῦν
221 2814 267 2866 καὶ
285 2813 327 2870 ἀεὶ
345 2819 390 2870 καὶ
409 2818 447 2876 εἰς
466 2822 560 2891 γενεὰς
579 2824 695 2887 γενεῶν,
719 2816 764 2868 καὶ
783 2815 820 2874 εἰς
839 2810 904 2890 cotis
922 2813 1021 2870 αἰῶνας
1040 2821 1093 2866 τῶν
1113 2813 1228 2869 αἰώνων.

153 2892 257 2968 Αρήν.“
304 2904 420 2954 Eandem
443 2907 494 2956 lere
518 2907 626 2956 sormam
649 2901 772 2953 exhibent
794 2894 898 2973 Constit.
918 2904 998 2963 apost.
1017 2900 1033 2951 l.
1051 2899 1118 2961 VIII,
1137 2915 1157 2951 o.
1175 2899 1227 2955 XII.

156 2981 214 3045 ,,ότι
234 3002 273 3037 σοι
294 2991 364 3039 πᾶσα
383 2986 459 3052 δόξα,
484 2989 561 3058 σέβας
585 2986 629 3039 καὶ
648 2983 820 3057 εὐχαριστία,
845 2973 911 3065 “IIII
929 2981 974 3034 aori
992 2985 1170 3054 apodationes<
1189 2983 1230 3053 τῷ

155 3063 242 3140 Πατρί
267 3071 313 3122 καὶ
336 3078 375 3140 τῷ
391 3068 446 3141 Υἱῷ
468 3072 512 3123 καὶ
537 3078 576 3140 τῷ
598 3069 667 3141 ἁγίιρ
694 3067 843 3138 Πνεόματι,
867 3067 927 3123 aab
938 3069 984 3119 νῦν
1002 3065 1047 3118 xci
1066 3065 1108 3119 ἀεὶ
1126 3067 1171 3119 καὶ
1189 3067 1229 3127 εἰς

154 3154 217 3211 τοὺς
246 3155 417 3214 ἀνελλιπτεῖς
444 3157 489 3209 καὶ
515 3155 713 3224 ἀτελευτήτονς
744 3154 842 3213 αἰῶνας
880 3144 1077 3211 τῶνναίῶνων.
1122 3149 1228 3222 Αμήν.“

153 3239 264 3291 Basilius
282 3242 314 3293 de
334 3241 429 3307 Spiritu
452 3247 538 3292 sancto
562 3258 599 3307 cp.
620 3246 651 3295 27
675 3243 750 3292 latius
775 3242 899 3307 disputat,
918 3247 1005 3293 utrum
1024 3239 1055 3287 sit
1075 3238 1228 3293 dicendum:

154 3325 209 3378 σὺν
229 3330 269 3395 τῷ
294 3322 429 3396 Πνιόρατι
457 3344 490 3379 an
516 3325 549 3379 ἐν
576 3332 616 3396 τῷ
632 3322 776 3391 Πνεύματι.
814 3327 979 3377 »Ιίιιόιιίοειιιιι
1003 3330 1066 3377 sune
1088 3319 1137 3386 est,
1157 3325 1229 3390 quod

153 3417 239 3462 narrat
260 3412 416 3477 Philostorg.
438 3413 502 3464 Hist.
526 3413 586 3463 eccl.
611 3411 627 3462 I.
646 3411 688 3472 III,
708 3427 729 3463 e.
751 3414 788 3463 13.
818 3407 876 3472 „bn
899 3409 963 3479 φησὶ
994 3400 1229 3480 τόίχΑντιοχείας

154 3491 314 3564 Φλαβιανὸν,
336 3494 442 3563 πλῆθος
466 3503 593 3567 ροναχῶν
623 3494 814 3566 συναγείραντα
837 3500 943 3565 πρῶτον
970 3495 1139 3573 ἀναβοῆααι·,
1156 3488 1230 3554 Δόξα

157 3577 241 3650 Πατρί
263 3581 308 3634 καὶ
328 3578 382 3650 Υἱῷ
401 3580 447 3633 καί
471 3580 538 3651 ἁγίῳ
560 3576 703 3649 Πνεόριιτι.
740 3577 799 3632 Τῶν
824 3581 873 3648 γὰρ
906 3579 956 3651 πρὸ
976 3581 1070 3645 αὐτοῦ,
1089 3575 1231 3649 robe-pte,

154 3660 226 3725 Δόξα
250 3662 335 3738 Πατρί
360 3665 390 3719 δί
408 3664 473 3717 Τὶοῡ
500 3665 531 3718 ἐν
556 3665 623 3736 ἁγίῳ
650 3661 786 3734 Πνεὺρατι
810 3666 897 3735 λέγειν
926 3665 970 3716 καὶ
996 3665 1097 3735 ταύτην
1124 3654 1230 3736 politos

154 3751 203 3820 τὴν
222 3749 373 3821 lapponum
399 3750 582 3810 ἐπιπολάζειν·
607 3751 670 3806 τοὺς
693 3749 736 3814 δὲ,
763 3745 834 3809 Δόξα
854 3746 939 3821 Πατρί
964 3749 991 3802 ἐν
1016 3745 1070 3819 Υἱῷ
1090 3751 1136 3804 καὶ
1156 3751 1227 3823 ἁγία)

156 3831 316 3903 Πνεόματι.“
363 3836 412 3890 CIr.
431 3838 534 3898 Probst‚
560 3836 645 3893 Ferd..
672 3836 753 3887 Lehrc
780 3837 834 3887 und
863 3837 948 3889 Gebet.
994 3837 1134 3902 Tilbingen
1156 3808 1222 3927 187}

154 3919 180 3970 S.
200 3923 258 3972 319.
1216 3934 1223 3969 ι

1237 4056 1297 4263 b
