2768 4552
597 359 804 420 ...16-

168 547 228 591 usu
244 532 274 590 in
290 533 373 591 aliud
389 537 589 592 verterentur.
612 529 700 589 Sicut
713 532 863 592 tabernae
888 532 1028 608 primitus
1045 532 1235 608 plebeiorum

168 635 385 707 domunculae,
416 634 499 710 quod
524 642 579 692 eua
611 632 726 692 tabulis
754 633 863 709 ligneis
889 632 1011 704 fierent,
1041 633 1235 704 dicebantur,

167 738 249 797 unde
273 745 303 798 et
327 729 557 797 tabernaculum
582 736 715 796 derivari
731 736 856 811 quidam
879 738 1000 810 uolunt3
1024 751 1105 795 nunc
1128 743 1232 795 autem

166 856 339 915 cauponum
365 837 544 900 aediculaeb
567 839 612 898 sio
634 845 795 899 vocantur.

136 955 140 962 ’
229 943 367 1004 Basilica
383 958 505 1016 graece,
521 942 614 1001 latine
631 942 743 1016 regalis
760 941 871 1000 dicitur
884 945 932 1002 uel
949 941 1041 1016 regia,
1065 958 1084 1001 a
1100 941 1233 1010 basileo,

165 1044 194 1105 id
218 1053 266 1104 est
288 1054 322 1103 ac
343 1059 426 1118 rege.
473 1044 549 1102 Nam
582 1050 612 1102 et
641 1043 812 1102 carnalium
840 1060 948 1117 regum
977 1044 1094 1118 palatia
1120 1043 1161 1102 ita
1185 1044 1233 1102 di-

165 1155 283 1217 cuntur,
306 1147 385 1206 sicut
408 1145 623 1221 scriptumest
645 1146 683 1204 de
701 1146 821 1205 Hester.
846 1146 958 1219 „Stetit
973 1149 1003 1205 in
1022 1147 1109 1205 utria
1123 1147 1233 1206 doinus

163 1253 281 1324 reciae,
305 1251 389 1325 quod
410 1257 480 1307 erut
503 1252 632 1309 interius
648 1255 760 1309 contro
776 1241 936 1308 basilicum
952 1251 1079 1322 repis“.¹
1117 1248 1231 1309 Nostra

163 1360 264 1412 autem
289 1352 436 1411 orationis
460 1348 586 1412 donrusd
609 1353 679 1415 ideo
703 1351 788 1425 regia
805 1351 923 1422 dicitur,
947 1351 1021 1428 quia
1036 1352 1103 1425 regi
1120 1367 1227 1424 regum

162 1456 191 1513 in
216 1471 253 1514 eo
276 1449 420 1523 servitur,
443 1457 493 1514 vel
518 1454 591 1530 quia
612 1469 704 1528 reges
727 1460 757 1512 et
780 1454 970 1527 sacerdotes,
995 1454 1024 1512 id
1048 1460 1096 1512 est
1116 1455 1229 1513 summi

161 1557 244 1631 regis
268 1563 299 1616 et
320 1557 493 1617 sacerdotis
516 1558 663 1627 membra,
688 1555 739 1631 qui
763 1556 897 1615 motibus
923 1557 1060 1632 corporis
1077 1556 1230 1632 imperant

160 1665 192 1719 et
214 1658 368 1735 spiritales
401 1660 521 1720 hostias
555 1659 718 1717 immolant
746 1659 826 1728 Deo,
860 1658 900 1717 ibi
933 1665 1156 1733 regenerantur
1189 1675 1228 1718 ex

160 1777 243 1838 aqua
277 1769 307 1820 et
340 1762 451 1837 spiritu
485 1767 515 1821 et
549 1761 676 1822 salutari
710 1761 885 1820 nutriuntur
911 1760 1060 1821 doctrina.
1110 1761 1238 1821 scorteo*

160 1880 287 1938 graece,
323 1866 415 1923 latine
445 1865 546 1924 lucida
579 1864 700 1935 dicitur,
736 1865 809 1940 quia
843 1865 946 1923 lumen
978 1869 1137 1939 acceptum
1172 1879 1229 1939 per

161 1982 265 2026 arcum
289 1967 470 2026 intromittit.
521 1967 650 2026 Exedra
679 1973 727 2027 est
754 1966 865 2026 absida
887 1967 1056 2041 quaedam,
1079 1972 1228 2041 separata

160 2070 313 2130 modicum
345 2069 435 2144 quide
458 2087 477 2130 a
501 2067 693 2143 templo'vel
721 2069 835 2145 palatio
865 2077 896 2128 et
924 2069 1005 2129 dicta
1034 2069 1115 2139 inde,
1140 2069 1224 2145 quod
1278 2148 1281 2156 Ι

153 2183 247 2234 ‘extra
262 2173 401 2247 haereat;
428 2187 538 2246 graece
555 2178 658 2233 autem
677 2172 786 2247 cyclon
807 2178 945 2231 vocatur.
982 2172 1078 2230 Arum
1095 2171 1223 2247 quidem

158 2283 303 2336 uocatam
336 2276 490 2344 dixerunt,
524 2275 608 2351 quod
642 2274 683 2333 ibi
716 2276 861 2335 incensae
887 2274 1033 2334 uictimae
1069 2275 1223 2345 arderent,

158 2380 208 2438 alii
237 2394 256 2436 a
283 2374 538 2455 precationibnsf,
574 2395 653 2456 quas
686 2378 790 2454 graeci
818 2384 1044 2450 arasvoeant;
1080 2378 1162 2437 unde
1193 2384 1224 2437 et

157 2482 398 2556 imprecationes
422 2488 552 2542 antara&
575 2483 722 2542 dicuntur.
769 2482 879 2542 Altore
901 2487 1004 2539 autem
1029 2478 1117 2556 quasi
1140 2482 1223 2540 altae

156 2599 229 2644 arae
258 2586 441 2647 nominatur.
490 2587 632 2645 Porticus
659 2600 677 2642 a
704 2593 805 2662 porte,
835 2581 904 2643 velll
933 2582 1016 2660 quod
1049 2582 1088 2642 sit
1116 2591 1223 2658 aperta

157 2686 283 2761 dicitur;
307 2688 345 2747 ed
370 2688 430 2748 hoc
453 2683 549 2747 eninri
572 2687 705 2747 maxime
729 2683 799 2757 sill,
825 2695 857 2747 ut
881 2703 935 2762 per
958 2702 1025 2747 eam
1045 2687 1223 2747 intreturet

155 2796 340 2849 transeatur.
390 2790 583 2865 Cymitertom
610 2790 828 2851 recubitorium
854 2792 904 2849 uel
933 2791 1146 2849 dormitorium
1174 2798 1223 2850 est

156 2899 360 2963 mortuorum,
389 2893 443 2968 qui
472 2901 503 2954 et
530 2893 598 2952 ideo
627 2893 666 2953 ab
696 2893 829 2954 ecclesia
857 2892 1046 2952 dormientes
1070 2891 1221 2971 dicuntur,

155 2995 227 3069 quia
258 2996 462 3055 resurrecturi
496 3012 554 3054 non
589 2995 778 3057 dubitantur.
834 2997 967 3071 Cryptae
1001 3000 1071 3054 sunt
1105 3011 1220 3071 specus

155 3096 361 3172 subterranei,
391 3098 489 3156 diotae
518 3113 536 3156 a
563 3099 768 3173 prolanditate
793 3099 940 3174 abrupta,
965 3097 1045 3158 sicut
1069 3105 1099 3157 et
1122 3101 1220 3174 crepi-

155 3198 244 3257 dines
269 3197 397 3258 dicimus
421 3200 572 3278 abruptas
595 3202 789 3261 summitates
813 3200 1022 3275 quorumlibet
1042 3217 1217 3276 corporum.

154 3301 312 3376 Mortprto
335 3304 529 3364 vocabantur
552 3305 719 3370 ecclesiae,
749 3320 829 3381 quae
853 3303 880 3362 in
905 3303 1022 3364 honore
1045 3303 1219 3380 aliquorum

154 3411 325 3479 martyrum
357 3406 487 3485 fiebant,
526 3424 656 3482 quorum
696 3407 847 3482 sepulcris
881 3415 912 3467 et
945 3405 1085 3467 ecclesiis
1117 3405 1220 3466 honor

220 3608 233 3636 ³
250 3625 288 3670 oe,
298 3625 349 3661 sex.
360 3639 391 3648 —
403 3600 415 3638 'l
425 3627 463 3671 oe,
475 3609 604 3661 ecclcsiae.
616 3638 647 3646 -
659 3608 669 3636 ⁰
679 3625 716 3672 oe,
726 3626 777 3662 om.
788 3625 810 3662 a.
826 3641 856 3648 -
866 3595 880 3637 d
890 3627 928 3672 oe,
941 3608 1033 3660 domus
1042 3608 1170 3658 orationis.
1184 3637 1218 3646 -

152 3706 163 3734 θ
182 3709 220 3758 oe,
239 3695 351 3759 quidem.
370 3725 402 3732 —
426 3680 436 3721 f
454 3712 487 3757 m,
506 3695 728 3759 predicationibus
748 3727 778 3733 -
798 3694 814 3736 ff
832 3696 876 3760 ll1,
896 3700 953 3746 ante
971 3710 1022 3749 ara.
1043 3723 1074 3732 -
1091 3678 1106 3718 h
1125 3693 1169 3755 ml,
1189 3701 1216 3745 ut

152 3779 199 3831 vel.
218 3809 250 3816 -
270 3766 277 3806 i
296 3797 335 3844 oe,
354 3797 405 3832 om.
424 3782 502 3832 enim.
522 3810 552 3816 —
572 3764 587 3805 ¹⁵
605 3797 642 3844 oe,
662 3783 696 3832 ln.
