2768 4552
581 368 792 428 ..20-

153 540 183 599 id
218 547 266 599 est
298 538 485 599 theotiscum
521 553 694 597 sermonem
727 537 897 605 habuerint,
931 545 970 607 et,
1005 544 1038 595 ut
1070 535 1223 597 historiae

152 648 315 714 testantur,
338 641 536 717 postmodum
555 640 690 699 studiosi
712 640 793 699 illius
810 639 910 714 gentis
926 638 1051 699 divinos
1073 640 1168 699 libros
1192 639 1224 698 in

154 759 231 803 suae
260 743 425 803 locutionis
455 742 675 818 proprietatem
704 741 927 810 transtulerint,
960 756 1092 816 quorum
1119 740 1224 801 adhuc

154 851 356 907 monumenta
376 845 458 921 apud
482 845 645 902 nonnullos
668 842 855 917 habentur¹;
878 849 909 901 et
930 841 1068 902 fidelium
1092 844 1222 902 fratrum

153 950 305 1008 relatione
344 946 521 1019 didicimus,
565 946 651 1022 apud
687 945 839 1021 quasdam
878 944 1064 1028 Scytharum
1102 953 1223 1019 gentes

154 1050 288 1110 maxime
326 1050 544 1119 ThomitanoS‚
584 1048 695 1107 eadem
735 1047 890 1107 locutione
927 1046 1032 1106 divina
1068 1047 1222 1107 hactenus

131 1189 134 1194 -
153 1152 306 1211 celebrari
329 1151 436 1213 oliicia.
480 1151 547 1209 Hae
570 1156 673 1209 autem
698 1150 921 1224 permixtiones
948 1156 978 1207 et
1000 1150 1223 1208 translationes

153 1255 323 1315 verborum
357 1255 386 1312 in
421 1253 565 1313 omnibus
605 1251 718 1328 linguis
751 1258 815 1311 tam
848 1252 1033 1327 multiplices
1068 1256 1152 1321 sunt,
1191 1258 1224 1310 ut

156 1357 276 1430 propria
303 1356 495 1429 singularum
525 1356 585 1413 iam
618 1369 676 1411 uon
707 1353 767 1410 sint
796 1369 876 1429 pene
908 1356 996 1429 plura
1027 1369 1121 1428 quam
1152 1368 1224 1413 curn

155 1458 222 1517 aliis
246 1459 422 1517 communia
444 1459 494 1517 vel
517 1457 556 1516 ab
581 1455 648 1515 aliis
672 1455 830 1515 translata.

643 1830 731 1899 uui.
824 1890 833 1929 ὅ

431 2003 484 2072 De
510 2000 708 2091 imupint‘bus
734 2005 769 2069 ct
784 2000 944 2092 picturis

218 2205 305 2263 Nunc
327 2204 388 2263 iam
404 2204 442 2261 dc
466 2201 652 2276 imaginibus
669 2209 699 2262 et
721 2203 859 2279 picturis,
884 2203 996 2276 quibus
1013 2204 1108 2265 decus
1125 2206 1225 2266 eccle-

154 2308 274 2369 siarum
308 2312 464 2381 augeturl,
501 2306 634 2365 dicenda
668 2312 740 2367 sunt
772 2306 885 2381 aliqua.
941 2306 1018 2381 Quia
1051 2314 1081 2367 et
1115 2325 1222 2368 earum

153 2410 289 2470 varietas
322 2422 379 2467 nec
413 2407 548 2480 quodam
581 2411 663 2469 cultu
697 2409 902 2469 immoderato
934 2410 1066 2483 colenda
1098 2418 1154 2480 est,
1189 2418 1224 2470 ut

154 2510 344 2586 quibusdam
373 2509 474 2569 stultis
501 2511 636 2583 videtur,
665 2527 722 2570 nec
752 2511 863 2572 iterum
891 2511 1077 2587 speciositas
1106 2515 1148 2572 ita
1175 2519 1225 2572 cst

153 2611 292 2687 quodam
317 2611 466 2685 despectu
484 2603 647 2684 calcanda,
673 2619 707 2674 ut
730 2614 856 2689 quidam
879 2613 1024 2674 vanitatis
1048 2620 1223 2673 assertores

122 2792 127 2799 Ι
153 2715 343 2775 existimant.
394 2715 467 2788 Quis
502 2717 582 2775 enim
617 2733 725 2776 sanum
763 2717 899 2792 sapiens,
934 2721 1041 2775 contra
1075 2716 1105 2773 id
1140 2717 1222 2791 quod

153 2817 301 2893 scriptum
337 2822 397 2874 cst:
435 2816 596 2876 Dominum
627 2818 716 2876 deum
745 2825 828 2876 tuum
858 2810 1005 2877 adorabis
1035 2823 1066 2876 ct
1091 2818 1140 2875 tut
1165 2819 1226 2876 soli

152 2919 305 2992 serotes²;
334 2919 510 2979 etiterum:
548 2920 615 2979 Non
640 2921 745 2995 factes
773 2921 827 2979 tibt
848 2936 966 2980 omnem
993 2919 1224 2978 similitudinem

101 3043 104 3049 ¹
153 3038 271 3096 eurum,
289 3037 369 3095 quae
385 3025 416 3081 tn
433 3026 519 3082 coelo
536 3026 587 3082 vel
596 3025 627 3081 t'u
645 3024 833 3081 terravelut
850 3024 940 3095 u'put's
951 3022 1005 3081 sub
1023 3029 1110 3080 terra
1122 3025 1222 3097 suntt,

222 3189 235 3216 ⁸
253 3189 300 3252 Ml,
318 3192 451 3252 augeatur.
488 3172 508 3215 .'

153 3296 391 3304 -.--——--
401 3296 434 3300 -ι

227 3348 235 3381 1
254 3340 303 3393 Cir.
322 3341 469 3392 Massmann
488 3341 518 3392 Η.
537 3342 573 3405 F,
600 3341 642 3392 Die
661 3341 696 3392 hl.
716 3340 810 3392 Schrilt
828 3342 873 3392 des
891 3343 924 3393 Α.
943 3340 996 3391 und
1015 3340 1045 3392 N.
1065 3342 1225 3392 Testaments

154 3428 181 3477 in
200 3425 353 3491 gothischer
374 3424 487 3491 Sprache
511 3427 557 3475 mit
583 3426 680 3491 griech.
704 3426 758 3477 und
782 3426 824 3477 lat.
842 3424 923 3489 Text,
938 3425 1145 3489 Anmerkungcn
1170 3426 1223 3476 und

154 3510 335 3564 Wdrtcrbuch.
359 3509 482 3576 Slultgart
501 3514 574 3564 1856.
592 3540 626 3549 —
647 3513 657 3548 ²
675 3511 748 3563 Deut.
760 3510 804 3574 Vl,
819 3514 858 3563 13.
879 3511 1033 3572 „Dominum
1051 3509 1133 3560 Deum
1151 3516 1224 3561 tuum

153 3595 256 3647 timebis
274 3601 298 3646 ct
316 3596 353 3646 illi
373 3595 422 3646 soli
438 3597 560 3648 servies.“
584 3596 672 3647 Malth.
682 3595 725 3658 IV,
737 3598 775 3648 10.
804 3596 958 3657 „Dominum
971 3596 1052 3646 Deum
1069 3600 1143 3646 tuum
1162 3595 1224 3646 ado·

154 3681 222 3733 rabis
238 3679 448 3750 (προςκυνήσεις)
470 3685 494 3732 et
515 3680 555 3730 illi
578 3681 626 3731 soli
648 3683 768 3732 servies.“
805 3680 855 3732 Cir.
877 3682 937 3732 Luc.
955 3679 997 3742 lv,
1017 3681 1040 3731 8.
1060 3707 1094 3720 -
1113 3682 1125 3718 ³
1143 3680 1225 3733 Exod.

153 3763 207 3828 XX,
219 3769 243 3818 4.
272 3765 345 3827 „Non
362 3768 439 3818 iacies
456 3767 503 3818 tibi
522 3766 648 3831 sculptile,
667 3781 751 3831 neque
769 3781 863 3816 omnen
881 3764 1084 3829 similitudinem,
1105 3779 1169 3831 quac
1188 3772 1226 3816 cst

153 3851 181 3899 in
204 3849 276 3901 coelo
299 3852 416 3917 desuper,
439 3857 547 3917 atquae
570 3852 597 3901 in
616 3856 681 3903 lerra
705 3850 834 3914 deorsum,
852 3865 898 3901 nec
916 3866 1013 3914 corum,
1032 3865 1098 3915 quae
1121 3852 1225 3902 suntin

153 3936 228 4001 aquis
246 3937 293 3988 sub
311 3941 400 3988 terra.“
846 3921 848 3926 Ι
