2768 4552
579 282 790 346 -92„.

154 470 231 528 pene
248 469 348 528 usque
366 453 404 512 ad
428 451 532 512 XXXa
555 466 707 511 annorum
731 457 865 512 aetatem
882 453 1129 514 cathecumenus
1154 469 1230 528 per-

153 557 280 626 durarit,
304 570 342 614 ea
357 555 502 614 videlicet
517 554 696 623 intentione,
721 560 755 613 ut
771 571 824 629 per
840 553 920 615 hanc
935 556 1085 632 temporis
1101 572 1227 617 moram

154 659 193 718 de
215 658 346 733 singulis
366 658 497 717 edoctus
521 658 559 717 ad
578 657 753 734 eligendum
770 658 929 734 quodlibet
944 659 1041 718 libero
1057 659 1230 718 duceretur

154 760 278 819 arbitrio
294 765 324 818 et
340 761 627 820 defervescentibus
652 760 789 820 lubricae
806 762 916 820 aetatis
933 761 1083 821 incendiis
1100 761 1229 838 melius,

154 863 237 939 quod
260 864 454 939 sequendum
473 870 546 937 erat,
572 879 699 923 servare
724 864 900 938 potuisset¹
946 863 1007 923 Sed
1033 871 1229 939 augescente

155 966 278 1026 divinae
300 966 458 1042 religionis
474 966 634 1040 diligentia
655 966 869 1040 intellegentes
885 965 1042 1025 christiani
1066 966 1229 1041 dogmatis

155 1074 319 1138 amatores,
350 1075 510 1143 peccatum
534 1067 623 1126 Adae
653 1068 803 1141 originale
832 1083 892 1126 non
918 1068 1005 1126 solos
1027 1082 1083 1127 eos
1113 1069 1228 1127 tenere

154 1171 316 1243 obnoxios,
341 1171 392 1246 qui
415 1171 479 1229 suis
496 1169 641 1245 operibus
662 1171 960 1245 praevaricationem
978 1175 1141 1242 auxerunt,
1167 1171 1228 1230 sed

155 1274 246 1333 etiam
270 1289 337 1346 eos,
365 1273 417 1348 qui
441 1274 508 1332 sine
532 1274 597 1333 suis
625 1275 810 1344 commissis
841 1275 911 1350 quia
935 1271 1105 1337 secundum
1139 1273 1230 1348 psal·

156 1377 277 1435 mistam
300 1377 329 1434 in
359 1375 571 1450 iniquitatibus
594 1376 753 1448 concepti²
776 1382 806 1434 et
830 1376 894 1434 nati
918 1379 997 1447 sunt,
1026 1375 1183 1436 immunes
1210 1390 1231 1435 a

155 1484 284 1554 peccato
301 1493 372 1537 esse
389 1494 448 1538 non
473 1485 615 1552 possunt,
639 1477 711 1535 dum
728 1478 766 1535 de
783 1479 900 1554 polluta
915 1479 1021 1537 radice
1040 1467 1230 1552 procedunt,

154 1585 189 1639 ut
213 1581 320 1638 merito
344 1580 382 1638 de
406 1580 550 1639 omnibus
566 1578 685 1637 dicatur
708 1595 762 1654 per
785 1582 979 1655 apostolum:
1004 1596 1106 1641 omnes
1123 1576 1231 1640 enimb

151 1687 366 1757 peccaverunt
397 1689 427 1739 et
458 1686 549 1755 egent
580 1682 684 1753 plorio
719 1682 782 1739 Det.
825 1682 1001 1761 {Jrcstifioati
1030 1683 1133 1757 protis
1161 1699 1231 1758 per

154 1786 290 1857 pretinm
314 1784 409 1858 apcius
420 1783 440 1855 ³,
465 1786 495 1840 et
518 1783 556 1840 de
573 1783 691 1842 Adam:
716 1785 746 1842 ln
770 1801 829 1858 quo
853 1801 953 1845 omncs
974 1787 1231 1858 peccauerunt⁴;

154 1885 215 1946 hoc
230 1902 303 1961 ergo
329 1885 499 1944 sentientes
522 1900 619 1944 sanae
642 1885 712 1944 fidei
736 1893 918 1958 sectatores
942 1886 1131 1962 deperirent
1153 1900 1231 1961 par-

154 1989 283 2062 parvuli,
306 1989 332 2048 si
347 1988 413 2046 sine
428 1987 565 2049 remedio
582 1991 813 2061 regenerantisc
836 1990 952 2065 gratiae
973 1990 1230 2062 deiungerentur,

154 2087 356 2161 statuerumt,
380 2105 434 2150 eos
452 2090 599 2165 baptizari
621 2091 650 2149 in
668 2092 882 2152 remissionem
905 2097 1112 2167 peccatorum.
1157 2090 1228 2151 Non

155 2196 234 2254 sicut
267 2193 414 2253 haeretici
450 2194 597 2272 quidalm
612 2195 730 2268 gratiae
764 2194 818 2253 Dei
849 2201 1058 2269 repugnantes
1092 2198 1230 2254 conten·
1313 2240 1316 2245 .

154 2297 276 2369 debant,
305 2298 390 2356 nulla
412 2296 599 2356 necessitate
628 2297 777 2372 parvulos
801 2297 959 2374 baptizari,
987 2296 1060 2372 quia
1083 2295 1228 2354 nondum

155 2404 355 2474 peccassent3
379 2398 463 2473 quod
488 2400 514 2458 si
537 2415 644 2458 verum
662 2405 756 2469 esset,
779 2402 830 2459 vel
854 2398 1117 2476 nonbaptizandi
1134 2404 1231 2459 erant

154 2502 202 2559 vel
238 2502 263 2558 si
296 2508 384 2560 extra
413 2502 634 2561 necessitatem
669 2502 914 2577 baptizarentur,
949 2501 1164 2576 imperfectum
1196 2507 1232 2561 et

155 2617 216 2660 non
246 2618 354 2662 verum
387 2605 415 2663 in
450 2603 494 2661 eis
527 2612 592 2663 erat
622 2604 767 2680 baptismi
799 2610 1042 2674 sacramentum,
1077 2603 1160 2679 quod
1194 2603 1227 2663 in

155 2705 298 2779 symbolo
316 2705 497 2764 confitemur
520 2707 587 2765 dari
610 2707 638 2766 in
662 2708 878 2767 remissionem
895 2712 1103 2782 peccatorum.
1142 2705 1229 2782 Ergo

156 2807 229 2882 quia
252 2822 369 2879 omnes,
397 2822 477 2881 quos
502 2808 601 2881 gratia
625 2807 697 2867 Dei⁰
721 2825 779 2868 non
805 2809 924 2880 liberat,
956 2813 1085 2882 pereunt
1107 2808 1135 2867 in
1163 2808 1229 2867 ori-

154 2909 247 2983 ginali
269 2909 394 2980 delicto,
425 2910 516 2968 etiam
540 2912 592 2985 qui
623 2913 671 2971 sui
694 2910 822 2970 sceleris
853 2928 914 2971 non
944 2912 1125 2971 adiecerunt
1147 2925 1228 2986 aug-

154 3019 267 3082 menta,
301 3014 479 3072 necessario
512 3015 633 3088 parvuli
668 3015 875 3090 baptizantur3
913 3015 995 3090 quod
1031 3020 1061 3072 et
1094 3019 1227 3073 sanctus

155 3117 350 3190 Augustinus
380 3118 410 3176 in
441 3118 518 3177 libro
547 3119 584 3176 de
615 3119 770 3193 baptismo
793 3120 990 3192 parvulorum
1016 3115 1163 3187 ostendit,
1195 3123 1230 3176 et

154 3217 291 3277 africana
319 3224 473 3280 testantur
503 3221 655 3280 concilia⁵
678 3227 709 3281 et
731 3221 858 3281 aliorum
889 3226 1011 3296 patrum
1037 3220 1229 3279 documenta

1146 3405 1161 3446 d

221 3419 234 3446 ἃ
252 3419 316 3483 mlh,
332 3419 410 3470 XXV:
430 3449 461 3456 -
482 3406 495 3447 ¹²
513 3437 551 3485 oe,
569 3437 620 3474 cm.
635 3423 710 3473 enim.
731 3451 762 3459 -
783 3420 793 3448 ⁰
812 3437 850 3481 oe,
869 3421 1077 3485 regenerationis.
1094 3449 1127 3456 -
1181 3419 1227 3483 ml,

154 3520 204 3555 om.
224 3510 371 3556 statuerunt.
390 3536 421 3544 -
441 3505 453 3532 e
472 3504 530 3567 SG.,
549 3522 600 3557 om.
619 3507 673 3558 Dei.

224 3679 232 3712 ¹
252 3673 300 3726 Csr.
320 3673 433 3726 Conless
452 3674 468 3725 l.
487 3675 530 3738 Vl,
549 3676 604 3725 vlll
623 3681 647 3727 et
664 3674 705 3726 IX.
724 3703 757 3712 —
777 3677 787 3711 ²
804 3675 845 3726 Ps.
858 3678 898 3734 50,
913 3678 935 3726 7.
953 3703 987 3712 —
1007 3675 1119 3725 ’Roem
1132 3673 1171 3735 Ill,
1185 3677 1228 3740 23,

154 3763 194 3811 24.
213 3789 246 3796 -
266 3760 377 3811 ⁴R0em.
389 3759 422 3821 V,
436 3763 476 3811 12.
494 3789 528 3796 —
547 3760 699 3825 5Imprimis
711 3761 818 3811 concilia
835 3765 921 3811 contca
937 3759 1089 3824 Pelagianos
1106 3759 1139 3810 ab
1157 3774 1228 3811 anno

154 3847 200 3897 411
222 3843 354 3895 celebrata.
391 3843 438 3895 Clr.
458 3845 546 3896 Helele
565 3846 661 3898 Concil.
680 3846 770 3898 Gesch.
788 3846 815 3910 ll,
834 3862 858 3912 p.
880 3849 927 3898 104
938 3861 992 3912 sqq.
1090 3882 1095 3889 .
