2768 4552
585 333 796 392 „43-

158 503 239 562 etin
264 510 390 579 quarto:
412 504 540 576 „offerri
560 518 620 560 non
646 503 741 560 liccat
763 502 883 576 aliquid
904 503 947 560 ad
968 506 1073 562 ultore
1090 508 1224 577 praeter

157 623 252 666 novus
274 609 377 681 spicas
400 613 429 662 et
451 621 536 677 uvas,
561 608 590 662 el
613 605 713 662 oleum
737 605 780 662 ud
802 606 986 677 luralnurlu,
1011 612 1042 662 et
1065 605 1223 663 thimiama

157 709 190 766 td
212 715 258 767 est
278 710 450 780 incensum,
480 714 616 779 tempore
644 721 703 780 quo
731 712 841 765 sancta
874 706 1053 765 celebratur
1081 703 1222 765 oblatio.“

157 809 237 867 Dum
267 825 340 883 ergo
369 808 523 883 quaedam
551 805 767 881 prohibentur,
801 807 903 866 offerri
936 807 1110 867 ostenditur
1142 822 1179 866 ea
1205 823 1224 865 a

157 910 346 986 quibusdam
369 910 442 968 licet
464 908 708 968 extraordinarie
732 907 941 970 oblationibus
970 907 1115 980 adhibita,
1138 908 1223 967 unde

157 1012 344 1083 EuticianuS,
367 1011 535 1070 vicesimus
559 1012 710 1070 octavus¹
725 1011 809 1071 sedis
825 1027 973 1072 romanae
992 1013 1125 1086 praesul,
1150 1027 1223 1070 con·

157 1115 288 1174 stitult2:
313 1116 417 1188 fruges
441 1127 535 1184 super
557 1113 656 1171 altare
679 1118 796 1173 tantum
820 1112 910 1171 labae
932 1119 962 1170 et
977 1128 1057 1171 uvae
1074 1112 1223 1184 benedici,

156 1220 187 1274 et
221 1215 301 1275 baec
334 1215 449 1275 idcirco
491 1216 642 1286 sortasse,
672 1215 745 1289 quia
776 1217 849 1274 vino
883 1213 1044 1287 sanguinis
1079 1214 1222 1273 dominici

156 1319 336 1393 mysterium
366 1317 554 1392 celebratur,
587 1317 658 1376 laba
684 1332 760 1376 vero
795 1317 1013 1376 abstinentium
1048 1316 1136 1375 cibus
1164 1321 1222 1375 est.

157 1418 243 1477 Alias
267 1427 371 1479 autem
395 1403 590 1479 diversarum
607 1418 729 1492 species
744 1433 847 1476 rerum
864 1423 1013 1477 statutum
1030 1423 1079 1477 est
1093 1416 1224 1476 ubilibet

156 1517 299 1581 benedici
322 1537 340 1579 a
363 1519 589 1593 sacerdotibus,
612 1520 662 1579 vel
684 1521 711 1579 si
728 1522 767 1578 ad
784 1522 882 1579 altare
899 1519 1111 1579 benedicenda
1127 1536 1223 1594 quae-

156 1622 231 1682 libet
248 1623 432 1694 del'erantur,
455 1622 581 1697 speciali
602 1621 819 1694 benedictione
835 1639 854 1681 a
870 1623 1108 1682 consecratione
1124 1622 1223 1682 domi·

156 1723 294 1784 nieorum
323 1732 587 1784 sacramentorum
617 1723 802 1784 omnimodis
831 1722 1048 1794 discernenda,
1072 1729 1118 1795 ut,
1142 1725 1224 1783 sicut

158 1842 212 1899 pro
235 1825 403 1887 innumeris
426 1827 503 1902 legis
528 1824 681 1884 mandatis
712 1825 885 1884 breviatum
911 1824 1066 1898 evangelii
1090 1827 1222 1885 verbum

156 1927 307 1989 Dominus
329 1929 401 1988 lecit
423 1944 518 2002 super
541 1935 667 2004 terram,
696 1927 737 1986 ita
759 1943 815 2002 pro
845 1927 978 1986 diversis
1001 1927 1221 1986 sacrificiorum

156 2029 267 2088 ritibus
292 2032 424 2106 simplex
447 2030 562 2090 oblatio
586 2029 674 2102 panis
698 2029 811 2087 etvini
834 2028 978 2089 fidelibus
1001 2028 1146 2098 sufficiat,
1170 2030 1222 2104 qui

156 2148 217 2191 non
240 2131 269 2189 in
298 2133 493 2192 multitudine
522 2125 700 2189 umbrarum
731 2131 941 2206 apparituram
966 2134 1120 2205 quaerunt
1142 2131 1222 2188 veri-

156 2239 265 2304 tatem,
297 2235 352 2293 sed
386 2250 454 2292 eam
489 2233 518 2291 in
551 2233 801 2292 manilestatione
833 2234 980 2292 sactorum
1014 2236 1121 2290 tenent
1152 2248 1221 2307 per-

156 2335 307 2410 spicuam.
344 2333 430 2394 Unde
454 2337 649 2410 quorundam
670 2335 856 2409 simplicium
874 2351 960 2394 error
976 2335 1014 2393 de
1029 2333 1220 2393 iudaicarum
1293 2340 1294 2345 ’

157 2438 412 2511 superstitionum
429 2437 597 2496 seminario
621 2443 712 2496 natus
735 2445 764 2497 et
788 2440 825 2497 ad
844 2444 952 2498 nostra
968 2451 1069 2512 usque
1084 2442 1226 2510 tempora

155 2539 308 2614 quaedam
343 2540 508 2598 vetustatis
544 2540 678 2612 vestigia
712 2540 901 2609 extendenS,
936 2540 1002 2616 iam,
1034 2554 1073 2596 ex
1112 2553 1227 2612 magna
1280 2561 1282 2565 ·

155 2648 245 2717 parte
275 2641 460 2715 sapientium
491 2641 593 2699 studio
625 2656 824 2716 compressus
854 2647 917 2712 est,
947 2647 977 2698 et
999 2640 1099 2700 sicubi
1122 2638 1226 2699 adhuc
1299 2701 1302 2706 ,

229 2877 331 2926 ¹Recle
349 2874 450 2926 XXVII.
486 2874 552 2924 Ordo
574 2874 667 2926 Pontis.
690 2875 798 2926 Roman.
822 2891 900 2940 quern
923 2880 1036 2925 recenset
1058 2875 1225 2937 WalalriduS,

155 2959 236 3011 salsus
255 2966 302 3021 est,
321 2960 382 3025 quia
403 2960 471 3024 ipse,
496 2961 532 3009 uti
554 2964 616 3010 tunc
639 2965 662 3011 et
680 2975 762 3025 usque
786 2960 819 3010 ad
841 2964 927 3010 nostro
944 2962 995 3010 fere
1013 2964 1129 3024 tempora
1147 2960 1225 3009 moris

155 3049 215 3106 erat,
236 3045 370 3108 distinguit
388 3045 453 3093 inter
470 3042 569 3095 Cletum
582 3050 606 3094 el
619 3044 800 3096 Anenclctum.
831 3043 881 3098 en.
894 3044 1039 3106 Duchesue,
1051 3045 1125 3095 Liber
1137 3045 1225 3108 pontis.

155 3129 292 3180 introduct.
311 3143 335 3192 p.
355 3130 395 3180 69.
415 3157 445 3165 -
468 3129 531 3178 ²De
549 3127 709 3190 Euticbiano‚
727 3144 793 3193 papa
811 3132 954 3191 ala—283,
973 3131 1047 3181 refert
1059 3129 1124 3181 liber
1140 3130 1224 3194 ponti·

155 3213 251 3264 ficalis:
280 3214 343 3276 „Hic
365 3215 506 3275 coustituit,
534 3218 561 3262 ut
587 3213 674 3277 fruges
698 3229 774 3277 super
796 3213 875 3266 altare
898 3219 995 3265 tantum
1017 3215 1091 3266 fabae
1113 3218 1137 3264 et
1160 3229 1225 3264 uvae

158 3298 298 3348 benedici.“
334 3296 478 3361 Duchesue,
497 3298 572 3349 Liber
582 3298 670 3362 pontis.
684 3297 702 3358 I,
720 3313 744 3362 p.
760 3300 826 3351 laa-
846 3298 873 3349 In
886 3301 1082 3350 sacramentario
1094 3298 1228 3363 gelasiano¹

158 3381 259 3445 (Murat.
277 3381 383 3447 liturgia
405 3399 511 3434 romana
529 3388 602 3434 uetus
620 3382 638 3442 l,
652 3383 700 3434 588
719 3387 742 3432 et
761 3382 819 3450 746)
840 3383 974 3435 exhibetur
992 3385 1071 3435 oratio
1089 3384 1122 3434 ad
1139 3384 1226 3448 fruges

156 3481 237 3517 novas
259 3465 448 3518 benedicendas
470 3468 497 3517 in
522 3468 583 3517 festo
609 3468 776 3518 Asceusionis
800 3467 904 3518 Domini
930 3469 1059 3534 sequentis
1085 3467 1224 3519 formulae:

148 3550 293 3614 ·,‚Benedic,
312 3551 428 3616 Domine,
447 3552 494 3603 hos
513 3554 608 3602 tructus
627 3567 708 3601 novos
726 3567 792 3602 uvae
810 3553 865 3604 sive
875 3553 962 3605 labae:
980 3569 1044 3619 quos
1056 3558 1091 3616 tu,
1110 3553 1226 3617 Domine,

153 3650 201 3707 per
226 3651 309 3685 rorem
336 3636 400 3688 caeli
427 3641 451 3688 el
477 3636 654 3687 inundantiam
678 3636 825 3701 pluviarum
850 3642 874 3687 et
896 3643 1009 3702 tempora
1035 3653 1125 3689 serena
1150 3643 1225 3704 alque

155 3719 294 3785 tranquilla
312 3722 344 3771 ad
364 3724 533 3773 maturitatem
552 3721 690 3786 perducere
708 3722 828 3786 dignatus
846 3738 873 3773 es
891 3722 923 3772 ad
940 3722 1134 3787 percipiendum
1152 3724 1225 3776 nobis

155 3818 215 3854 curn
233 3807 374 3869 gratiarum
393 3808 499 3870 actione,
518 3796 545 3856 in
562 3808 667 3857 nomine
678 3806 782 3856 Domini
800 3808 879 3856 nostri
897 3806 953 3856 Iesu
971 3805 1073 3870 Christi,
1091 3823 1135 3872 per
1147 3824 1224 3873 quem

155 3887 324 3941 haecomnia
342 3891 449 3940 Domine
467 3907 567 3955 semper
584 3891 675 3943 bona.“
