2768 4552
536 301 724 372 ·-9“..

101 483 353 543 conversantium
370 487 498 559 semota,
514 481 544 539 in
561 483 676 558 quibus
692 481 849 542 orationes
865 481 997 543 mundas
1013 489 1045 541 et
1059 497 1163 542 sacro·

98 591 210 646 sancta
232 584 381 664 mysteria
404 590 435 644 et
451 591 576 644 mutuae
591 583 815 643 aedificationis
832 584 942 643 solatia
962 583 1163 645 celebrarent,

98 687 247 764 Quamvis
270 688 350 748 enim
373 686 545 748 secundum
569 687 793 763 evangelistam
817 692 906 746 erant
926 686 1067 762 discipuli
1095 703 1163 746 cum

96 770 295 852 credentibus
329 806 453 866 semper
486 791 516 849 in
549 791 664 865 templo
698 790 747 847 vel
781 791 966 861 coenaculo,
1000 790 1162 849 laudantes

98 895 196 955 Deum
231 900 262 953 et
284 893 413 952 crationi
443 908 480 952 ac
507 892 620 952 ieiunio
646 892 823 959 insistentes
833 894 850 966 ¹,
877 898 981 951 tamen
1010 899 1084 968 post
1110 890 1164 949 ad·

95 1003 220 1056 ventum
245 996 374 1071 spiritus
397 996 496 1054 sancti
519 995 650 1069 legimus
679 1010 734 1055 eos
764 995 845 1054 circa
868 995 978 1063 domos
1005 993 1163 1053 orationes

96 1107 129 1158 et
152 1099 317 1160 fractiones
339 1100 430 1176 panis
454 1099 641 1168 celebrasse,
664 1105 695 1157 et
718 1114 778 1159 non
802 1099 903 1157 solum
921 1097 1018 1157 intraa
1040 1096 1162 1155 urbium

98 1201 254 1269 aedilicia,
288 1216 397 1260 verum
436 1207 467 1258 et
500 1206 590 1259 extra
621 1202 651 1260 in
681 1180 761 1260 'locis
796 1201 924 1260 secretis
966 1198 1161 1259 convenisse.

100 1303 177 1363 Nam
200 1309 230 1364 et
251 1303 367 1362 Paulus
390 1303 586 1378 processisse
601 1303 713 1377 legitur
728 1302 755 1359 in
772 1301 922 1378 Philippis
938 1308 1027 1361 extra
1044 1309 1161 1376 portam

99 1405 185 1466 iuxta
215 1404 346 1475 flumen,
379 1407 432 1485 nbi
463 1406 627 1466 videbatur
661 1406 758 1464 oratio
797 1406 893 1475 esset
929 1413 960 1464 et
992 1406 1058 1480 ipse
1092 1421 1160 1464 curn

98 1507 242 1584 Ephesiis
279 1508 378 1567 oravit
417 1509 447 1566 in
483 1507 601 1568 litore.³
663 1506 737 1567 Gnm
772 1516 873 1568 autem
908 1509 1163 1585 multiplicaretur

95 1628 245 1671 numerus
261 1610 462 1680 credentium,
480 1616 648 1686 coeperunt
664 1612 774 1671 domos
791 1627 865 1672 suas
882 1613 984 1671 lacere
1001 1612 1161 1683 ecclesias

94 1722 129 1774 ut
159 1715 191 1772 in
224 1715 321 1790 gestis
355 1719 532 1773 sanctorum
564 1709 769 1772 creberrimeb
800 1714 924 1790 legitur,
960 1722 990 1774 et
1022 1716 1161 1790 privatas

94 1815 306 1878 habitationes
340 1817 379 1876 ad
419 1815 561 1891 publicas
594 1817 732 1876 fidelium
769 1819 968 1876 contulerunt
1005 1819 1161 1878 utilitates.

93 1918 197 1995 Saepe
234 1921 326 1981 etiam
356 1929 592 1992 persecutorum
619 1920 736 1979 rabiem
766 1919 958 1979 declinantes
993 1920 1021 1978 in
1055 1920 1161 1996 criptis

93 2028 125 2081 et
157 2022 185 2081 in
220 2023 376 2082 cimiteriis
411 2029 442 2082 et
471 2023 626 2098 speluncis
657 2028 751 2097 atque
785 2023 918 2081 desertis
954 2021 1107 2081 montibus
1131 2030 1162 2081 et

91 2124 229 2183 vallibus
257 2124 474 2185 conventicula
502 2123 662 2183 iaciebant.
718 2124 834 2183 Deinde
869 2126 968 2198 magis
997 2126 1160 2198 magisque

91 2225 271 2300 proficiente
309 2227 496 2287 christianae
533 2227 689 2302 religionis
728 2227 877 2287 miraculo
912 2233 943 2285 et
981 2243 1037 2302 per
1075 2228 1161 2286 lucra

97 2324 211 2386 Christi
245 2329 357 2389 damno
388 2329 576 2389 succedente
608 2329 736 2400 diaboli,
770 2347 831 2388 non
860 2333 960 2389 solum
990 2345 1092 2391 novae
1120 2330 1159 2388 ad

96 2431 248 2491 orandum
265 2432 378 2491 domus
395 2438 591 2492 constructae
608 2439 690 2502 sunt,
712 2431 875 2491 sedetiam
897 2436 1013 2509 templa
1035 2433 1165 2492 deorum

98 2531 227 2592 abiectis
259 2540 290 2593 et
316 2535 528 2595 exterminatis
560 2534 650 2594 idolis
681 2550 749 2593 curn
786 2536 998 2610 spurcissimis
1031 2535 1164 2595 cultibus

97 2633 163 2694 suis
186 2634 213 2692 in
238 2635 294 2694 Dei
318 2644 491 2697 mutantum·
513 2637 690 2696 ecclesias.4

601 2997 658 3065 IV.
676 2944 678 2951 Ι

253 3227 255 3231 ,
293 3149 335 3218 In
358 3163 446 3241 'quus
464 3151 591 3242 plagas
618 3156 755 3219 orantes
781 3157 966 3220 uertuntur.

164 3349 202 3409 Et
231 3353 305 3427 quia
335 3352 498 3413 diversitas
532 3354 724 3415 idololatriae
756 3353 885 3416 diversis
916 3352 1016 3412 modis
1049 3351 1166 3425 templa

99 3459 324 3526 construxerat,
349 3472 407 3514 non
432 3473 621 3531 magnopere
644 3457 796 3517 curabant
810 3457 891 3517 illius
912 3453 1061 3529 temporis
1084 3452 1166 3522 iusti,

166 3586 180 3615 ²
197 3605 236 3648 oe,
254 3591 327 3640 inter.
346 3617 379 3626 -
399 3576 411 3616 ¹³
430 3588 477 3649 ΜῙ,
497 3589 667 3641 celeberrime.
687 3620 718 3628 -
737 3589 747 3616 ⁰
766 3607 804 3647 ce,
824 3590 996 3640 mutabantur.

170 3708 282 3770 metr,
303 3709 481 3775 m,14;11,1.
514 3741 545 3749 -
576 3713 661 3763 ²Aet.
678 3710 743 3774 xvi,
758 3682 858 3764 ἶ-
887 3715 897 3748 ³
916 3713 973 3761 ner.
992 3679 1167 3772 unffi

98 3789 161 3855 xxi,
174 3797 199 3857 5,
221 3821 252 3831 -
279 3798 288 3831 ⁴
307 3794 343 3844 De
360 3795 468 3846 basilica
489 3795 628 3847 christiana
645 3797 751 3862 eiusque
769 3797 867 3862 origine
890 3797 932 3846 cir.
950 3800 1083 3845 tractatum
1100 3792 1167 3844 lectu

97 3875 173 3928 valde
191 3878 301 3944 dignum
320 3895 340 3933 s.
359 3897 383 3930 v.
400 3881 514 3932 Basilika
530 3882 557 3930 in
575 3882 666 3942 limus,
684 3881 899 3948 Real-Encyclop.
920 3882 937 3944 l,
952 3883 999 3933 109
1010 3895 1064 3945 sqq.
