2768 4552
648 325 860 384 ..42-

228 497 420 558 bacillitatem
455 497 618 573 ipsamque
656 501 785 555 mortem
824 507 1082 571 praesumptores
1121 496 1291 568 incurrant,

226 607 257 659 et
278 604 311 655 nt
334 614 352 657 a
375 600 589 658 communione
611 597 755 671 suspensi
778 602 896 657 terrore
916 599 1073 657 eiusdema
1095 598 1291 658 exclusionis

225 707 255 760 et
278 701 413 777 quodam
441 700 707 760 condemnationis
735 697 932 760 anathemate
958 701 1195 777 compellantur,
1221 707 1291 762 stu-

224 803 343 863 diosius
375 802 582 877 poenitentiae
619 801 877 860 medicamentum
917 809 1062 878 appetere
1097 807 1127 862 et
1165 803 1290 863 aridius

224 904 457 981 recuperandae
480 904 589 962 salutis
613 902 775 963 desideriis
798 900 926 962 inhiare.

458 1396 552 1481 Quill
575 1396 784 1488 offerendum
809 1398 856 1464 sa
879 1398 914 1464 r'a
941 1397 1053 1465 altori.

288 1583 437 1656 Quamvis
453 1588 554 1643 autem
572 1584 740 1643 eorundem
758 1580 1044 1641 sacramentorumb
1066 1598 1144 1642 usus
1164 1584 1202 1642 ab
1220 1584 1289 1657 ipso

226 1686 353 1744 Domino
387 1686 516 1744 traditus
556 1693 587 1744 et
621 1685 660 1743 ab
695 1685 845 1760 apostolis
875 1684 1117 1759 apostolicisque
1149 1685 1225 1745 viris
1259 1686 1290 1744 in

225 1795 318 1846 totam
336 1790 488 1848 ecclesiae
504 1785 674 1847 catholicae
691 1786 882 1845 latitudinem
900 1786 940 1844 sit
954 1786 1166 1860 transmissus
1184 1794 1288 1846 tamen

229 1891 334 1965 primis
346 1891 537 1965 temporibus
550 1890 701 1964 quosdam
719 1888 779 1946 alia
794 1888 948 1962 quaedam
966 1904 1083 1963 genera
1098 1889 1289 1950 oblationum

228 1991 338 2051 offerre
361 1994 468 2052 solitos
492 1991 699 2064 intellegimus
716 2006 755 2048 ex
772 1989 944 2049 canonibus
961 1996 991 2048 et
1007 1991 1144 2051 maxime
1159 1993 1289 2067 aposto·

225 2095 336 2170 lorum,
365 2092 396 2154 in
428 2110 560 2170 quorum
588 2092 679 2151 tertio
707 2092 841 2166 capitulo
870 2092 912 2149 ila
939 2093 1111 2153 scribitur1:
1142 2095 1196 2168 „Si
1223 2098 1292 2170 quis

227 2201 388 2273 episcopus
416 2205 470 2255 nul
497 2197 661 2269 presbyter
677 2200 810 2269 praeiri
833 2197 1058 2254 ordinationem
1081 2199 1203 2256 Domini
1225 2199 1292 2255 ulio

225 2300 378 2371 quaedum
401 2302 432 2357 in
454 2271 611 2369 sacrificio
634 2297 748 2368 offerat
768 2313 862 2371 super
885 2298 999 2370 altore,
1029 2299 1062 2356 id
1083 2304 1128 2357 est
1149 2304 1204 2356 otri
1231 2300 1293 2355 mel

225 2405 279 2457 atti
302 2402 352 2457 luc
383 2405 437 2457 aul
461 2415 523 2473 pro
555 2402 623 2458 nino
651 2401 784 2458 siceram
814 2404 870 2456 out
891 2402 1036 2474 confecto
1059 2400 1211 2475 quaedam
1236 2409 1293 2458 aul

226 2502 365 2558 volatilia
400 2506 456 2559 unt
476 2502 628 2560 animalia
651 2502 759 2575 aliqua
789 2508 843 2559 cni
872 2503 1042 2574 laurentino,
1074 2509 1186 2560 contra
1216 2518 1290 2560 con-

224 2603 408 2659 stitutionem
431 2603 553 2663 Domini
569 2605 712 2677 faciem,
739 2619 877 2675 conpruo
902 2607 1051 2676 tempore,
1076 2603 1291 2678 deponatur“;

219 2767 222 2774 ·
292 2749 359 2808 aoe,
378 2752 441 2802 eius.
459 2780 493 2788 -
513 2739 525 2777 ᾖ
545 2768 578 2814 m,
598 2746 792 2802 sacramentum.

294 2873 303 2908 1
322 2869 463 2936 Sequentes
477 2871 527 2921 duo
540 2885 660 2934 canones,
684 2874 728 2935 qui
740 2871 915 2934 apostolorum
928 2870 1054 2934 dicuntur,
1067 2872 1108 2921 hic
1120 2888 1135 2921 a
1148 2873 1291 2938 Walasrido

223 2954 375 3007 exhibentur
396 2954 538 3010 secundum
562 2958 737 3006 recensionem
761 2955 959 3020 Dionysianam‚
983 2971 1048 3021 quae
1070 2956 1215 3023 aliqualiter
1237 2957 1290 3007 dis-

223 3045 307 3105 crepat
324 3056 339 3090 a
356 3044 425 3091 textu
445 3056 537 3105 graeco
556 3042 677 3104 genuino.
716 3038 777 3089 Can.
796 3039 834 3089 ΙΙΙ.
859 3034 893 3090 Εἴ
911 3056 950 3094 τις
974 3038 1118 3097 ἐπίσκοπος
1142 3039 1292 3110 ἢ-πρεσβύ-

170 3137 172 3141 ·
223 3140 301 3192 τερος
324 3126 396 3193 παρὰ
419 3127 468 3196 τὴν
492 3128 540 3177 τοῦ
564 3122 656 3194 κυρίου
684 3120 809 3182 διάταξιν,
830 3122 879 3192 τὴν
904 3122 947 3173 ἐπὶ
964 3127 999 3193 τῇ
1022 3122 1101 3194 θυσίᾳ
1126 3126 1290 3196 προσενέγκῃ

224 3205 302 3278 ἕτεροί
327 3228 386 3262 τινα
410 3206 453 3260 ἐπί
477 3209 508 3262 τὸ
529 3208 731 3277 θυσιαστήριον,
751 3205 768 3276 ἢ
789 3207 850 3274 μέλι
868 3206 885 3276 ἢ
904 3207 1007 3277 quilici]
1031 3208 1088 3260 ἀντὶ
1107 3207 1179 3261 οίνου
1198 3208 1291 3279 σίκερα

222 3291 456 3364 ἢέπιτηδευτὰῆ
482 3291 603 3363 ὄρνειςῆ
631 3290 686 3350 ζῶσί
710 3308 768 3343 τινα
791 3290 808 3360 ἢ
833 3290 941 3359 ὄσπρια,
962 3295 998 3350 ὡς
1016 3293 1088 3362 παρὰ
1105 3296 1153 3363 τὴν
1172 3292 1291 3354 διάταξιν

226 3376 317 3445 κυρίου
336 3385 427 3441 ποιῶν,
446 3377 639 3448 καθαιρείσθω,
658 3376 727 3445 πλὴν
746 3375 812 3428 νέων
832 3375 931 3447 χίδρον
950 3375 967 3447 ἢ
991 3376 1136 3444 σταφυλῆς,
1156 3383 1194 3446 τῷ
1210 3384 1294 3449 καιρῷ

227 3466 266 3529 τῷ
283 3463 378 3519 ὃίοντι.
414 3459 462 3532 Μὴ
482 3461 541 3522 ἐξὸν
561 3462 589 3513 δὲ
609 3461 677 3514 ἔστω
698 3460 878 3531 προςοίγεσθαί
892 3478 917 3512 τι
935 3461 1028 3532 ἕτερον
1047 3461 1085 3518 είς
1101 3465 1132 3514 τὸ
1146 3461 1290 3532 θυσιαστή-

227 3563 289 3615 ριον,
306 3545 323 3616 ἢ
343 3547 432 3600 ἔλαιον
452 3546 489 3604 είς
508 3549 557 3614 τὴν
578 3544 687 3617 λυχνίσιν
706 3544 750 3596 καὶ
769 3544 890 3613 θυμίαμα
908 3552 947 3615 τῷ
961 3552 1046 3616 καιρῷ
1061 3552 1109 3614 τῆς
1123 3545 1198 3615 ἁγίοις
1211 3565 1290 3617 προς-

225 3635 319 3701 φορᾶς.
358 3633 393 3683 Dc
419 3634 580 3697 antiquitate,
605 3632 704 3695 origine
734 3636 758 3682 et
781 3635 938 3696 argumentis
968 3632 1061 3682 horum
1089 3647 1215 3684 canonum
1245 3634 1271 3683 cl
1284 3672 1289 3685 .

223 3715 306 3784 ὓπερ,
323 3717 394 3769 Neue
412 3715 643 3779 Untersuchungen
668 3716 731 3767 iiber
754 3717 795 3768 die
813 3716 1015 3775 Constitutionen
1037 3716 1092 3767 und
1110 3717 1228 3767 Kanones
1246 3717 1291 3767 der

222 3802 337 3865 Aposlel.
356 3802 493 3864 Tirbingen
513 3802 585 3865 1832,
603 3816 627 3865 p.
647 3803 761 3867 203sqq.
795 3802 896 3868 Hefele,
916 3801 1195 3866 Conciliengeschichle
1213 3802 1230 3853 l.
1243 3802 1291 3854 Bd.

224 3888 247 3936 2,
266 3885 336 3938 Auss.
362 3885 488 3950 Freiburg
508 3887 581 3948 1873,
599 3903 624 3952 p.
643 3888 691 3940 793
702 3902 758 3953 sqq.
