2768 4552
547 365 803 424 ...51-

165 535 299 594 hostiam
323 535 447 594 domino
474 523 655 595 immolasse
682 542 712 594 et
734 545 822 596 euma
844 536 950 596 divina
977 537 1166 611 dignatione,
1189 546 1229 613 ut

164 637 263 696 solitis
278 639 411 696 instaret
425 634 584 714 operibus
601 637 820 697 commonitum
837 653 873 697 ac
889 653 1001 711 magna
1016 639 1229 710 promissionis

164 739 263 814 gratia
291 741 328 799 ad
360 740 623 814 perseverantiam
649 740 863 799 confortatum.
910 739 1089 798 Gennadius
1116 746 1228 812 autem,

163 842 368 902 massiliensis
392 843 565 920 presbyter,
589 842 617 899 in
635 841 780 915 dogmate
803 843 1018 902 ecclesiastico
1038 843 1127 917 qnasi
1150 842 1229 902 inter

162 945 289 1003 veteres
314 952 344 1002 et
366 944 502 1002 iuniores
526 942 647 1001 medius
664 943 811 1015 existens,
835 943 864 1001 id
888 949 937 1002 est
959 959 1027 1002 cum
1052 944 1154 1003 adhuc
1176 945 1227 1004 alii

162 1046 326 1105 dominicis
348 1050 476 1115 tantum,
500 1044 560 1104 iam
584 1061 707 1122 quoque
725 1045 862 1106 nonnulli
878 1044 1040 1105 cotidianis
1057 1048 1228 1105 communi-

162 1153 269 1208 carent
291 1146 412 1214 diebus,
441 1145 619 1206 huiusmodi
644 1147 804 1206 libramine
827 1147 1013 1206 sententiam
1036 1163 1129 1207 suam
1151 1154 1228 1207 tem-

162 1255 258 1325 perat,
281 1255 314 1307 ut
337 1249 522 1309 cotidianam
539 1248 743 1308 eucharistiae
767 1250 994 1324 perceptionem
1018 1267 1075 1309 neo
1099 1251 1227 1311 laudare

147 1367 220 1432 nec
242 1350 420 1424 vituperare
444 1364 478 1406 se
502 1349 596 1423 dicat3
620 1351 700 1409 omni
724 1367 800 1410 vero
822 1351 975 1411 dominica
991 1338 1226 1424 communicare,

161 1453 187 1511 si
217 1452 362 1527 capitalia
394 1458 523 1526 peccata
553 1468 613 1510 non
642 1451 827 1526 prohibeant
858 1460 888 1512 et
918 1470 1005 1514 mens
1035 1455 1064 1512 in
1094 1454 1228 1514 delecta-

108 1555 110 1559 ’
161 1551 263 1614 tionel
296 1553 445 1630 peccandi
475 1555 576 1627 posita
604 1569 664 1612 non
693 1554 744 1627 sit,
775 1554 927 1616 hortatur.
973 1558 1064 1631 Apud
1089 1555 1225 1616 Graecos

161 1673 286 1733 quoque
310 1656 359 1728 illi,
383 1655 436 1732 qui
460 1657 539 1716 duas
563 1656 734 1716 dominicas
756 1660 807 1717 vel
829 1665 893 1718 tres
915 1661 983 1719 sine
1006 1657 1223 1719 communione

159 1760 346 1830 transierint,
370 1761 632 1819 excommunicari
656 1760 809 1821 dicuntur.
854 1752 932 1835 Quia
944 1779 1020 1822 vero
1035 1760 1224 1820 venerabilis

161 1878 242 1939 papa
275 1861 451 1937 Sylvester‚
489 1862 635 1921 XXXIV⁸
668 1877 687 1920 a
717 1861 809 1921 beato
846 1863 950 1935 Petro,
983 1863 1075 1921 lorias
1108 1860 1224 1921 habere

160 1967 274 2024 clerum
306 1964 422 2033 docuit,
453 1971 487 2022 ut
515 1965 595 2023 sicut
621 1965 702 2037 apud
726 1980 867 2040 paganos
898 1965 991 2022 leriae
1015 1969 1132 2025 tanturn
1157 1965 1224 2022 dies

158 2066 312 2141 aliquibus
329 2066 416 2125 lestis
437 2066 572 2139 insigniti
596 2067 786 2138 dicebantur,
810 2066 890 2126 sicut
906 2066 997 2124 etiam
1021 2080 1076 2139 per
1092 2065 1222 2139 Moysen

159 2169 284 2228 dicitur:
308 2167 376 2225 Hae
391 2170 464 2225 sunt
480 2168 587 2240 feriae
602 2167 726 2225 Domini
735 2169 753 2240 ¹,
777 2168 818 2225 ita
841 2166 1016 2226 christianis
1037 2172 1066 2224 et
1090 2165 1223 2225 maxime

158 2271 278 2331 clericis
307 2283 416 2328 onmes
445 2268 511 2327 dies
538 2268 694 2342 inferias
724 2270 918 2342 deputentur,
950 2268 1071 2327 videtur
1102 2270 1223 2328 ratione

160 2371 380 2447 plenissimum,
403 2376 437 2429 ut
462 2387 516 2446 per
539 2370 678 2445 singulos
701 2371 768 2429 dies
792 2371 892 2431 sacris
908 2386 1095 2445 occupemur
1115 2370 1222 2431 oliiciis
1301 2367 1303 2371 ⁴

158 2457 197 2546 et,
225 2479 374 2547 quantum
402 2473 513 2533 mentis
543 2474 594 2532 vel
623 2473 760 2548 corporis
795 2473 955 2546 graviores
987 2474 1129 2532 maculae
1161 2490 1222 2532 non

158 2576 321 2646 obsistunt,
356 2591 464 2650 panem
498 2582 528 2634 el
561 2576 744 2650 sanguinem
777 2574 972 2646 dominicum,
1007 2574 1121 2649 quibus
1156 2575 1222 2633 sine

226 2774 239 2800 ὃ
257 2792 296 2832 oe,
315 2792 365 2826 om.
385 2792 452 2826 eum.
469 2764 534 2812 „b
555 2776 585 2840 M,
603 2774 743 2827 voluntate.

156 2948 207 2997 ficii
224 2951 290 2997 lotus
312 2947 339 2994 in
362 2943 474 2994 lacrimis
498 2943 644 2994 diluebam
681 2943 762 3004 „Nam
785 2945 824 2993 vir
846 2945 912 2994 vitae
935 2942 1089 2995 venerabilis
1112 2941 1224 3004 Cassius,

156 3031 304 3083 Narniensis
325 3030 468 3095 episcopus,
493 3031 537 3093 qui
559 3028 735 3094 quotidianum
762 3027 851 3079 offerre
868 3033 1035 3080 consueverat
1051 3027 1103 3078 Deo
1128 3028 1223 3078 sacrifl-

155 3119 224 3168 cium
252 3131 330 3181 seque
358 3115 385 3164 in
414 3112 537 3178 lacrymis
568 3115 632 3163 inter
657 3115 713 3178 ipsa
743 3113 922 3163 sacrificiorum
953 3128 1046 3162 arcana
1073 3112 1219 3164 mactabat.“

156 3201 260 3266 Gregor.
278 3201 312 3250 M.
331 3197 424 3262 Dialog
441 3196 458 3248 l.
477 3197 520 3260 IV,
538 3213 559 3249 c.
572 3201 612 3249 56.
639 3198 726 3262 Migne
744 3215 764 3248 s.
782 3196 800 3248 l.
813 3200 852 3258 ll,
870 3213 894 3262 p.
907 3200 965 3249 421.
994 3196 1082 3257 „Multi
1099 3202 1221 3256 vestrum,

155 3287 242 3337 iratres
254 3284 406 3344 charissimi,
420 3282 536 3332 Cassium
548 3281 715 3333 Narniensem
729 3284 875 3347 episcopum
889 3286 1021 3344 noverunt,
1039 3283 1082 3332 cui
1094 3297 1150 3331 mos
1161 3287 1221 3344 erat,

155 3369 317 3435 quotidianas
329 3368 381 3417 Deo
394 3366 489 3417 hostias
502 3366 591 3417 offerre
603 3369 644 3429 ita,
654 3371 683 3418 ut
691 3383 756 3433 pene
768 3367 855 3418 nullus
865 3367 919 3418 dies
929 3367 994 3416 vitae
1004 3368 1059 3416 eius
1069 3366 1221 3426 abscederet,

155 3469 206 3520 quo
224 3469 276 3503 non
294 3452 461 3517 omnipotenti
479 3450 531 3500 Deo
549 3450 645 3502 hostias
667 3451 818 3517 placationis
834 3451 989 3510 immolaret,
1011 3453 1052 3500 cui
1069 3466 1128 3501 cum
1146 3453 1222 3501 sacri·

154 3539 212 3589 ficio
230 3537 307 3588 valde
325 3538 400 3587 etiam
419 3536 588 3587 concordabat
605 3538 664 3588 vita.
700 3538 764 3588 Nam
783 3540 874 3586 cuncta
892 3550 957 3600 quae
979 3534 1088 3587 habebat
1108 3537 1135 3585 in
1153 3534 1220 3586 elee-

155 3625 262 3674 mosinis
277 3621 398 3685 tribuens,
416 3638 475 3672 curn
493 3621 526 3672 ad
545 3622 634 3672 horam
648 3622 764 3673 sacrificii
776 3621 886 3671 venissel
902 3620 974 3670 velut
985 3625 1051 3670 totus
1064 3621 1090 3670 in
1107 3620 1221 3670 lacrimis

154 3707 269 3759 defluens
287 3708 453 3772 semetipsum
471 3722 528 3758 cum
548 3707 631 3757 cordis
649 3707 797 3756 contritione
816 3705 964 3756 mactabat.“
993 3703 1067 3768 Greg.
1080 3705 1175 3756 Homil.
1193 3706 1219 3754 in

153 3808 247 3857 evang.
265 3795 305 3855 37,
324 3808 349 3843 n.
368 3795 392 3845 9.
427 3792 514 3855 Migne
530 3795 548 3843 t.
568 3794 608 3852 76,
628 3794 700 3843 1279.

226 3881 234 3915 ¹
251 3878 334 3928 Lavit.
351 3876 426 3935 XXII,
445 3879 470 3927 2.

986 3961 1016 4010 4*
