2768 4552
551 319 764 378 ,89-

123 495 237 549 stratur
260 506 315 564 per
337 490 426 564 haec,
455 490 506 549 ubi
535 489 719 548 ineuitabilis
743 488 916 554 necessitas
940 486 1049 562 poscit,
1080 487 1191 546 melius

124 592 271 667 baptizari
294 592 483 668 ubicumque
507 600 537 651 et
564 609 582 651 a
606 607 804 667 quocumque
832 590 861 648 iu
885 589 1009 648 nomine
1038 588 1191 660 trinitatis,

123 710 216 770 quam
249 695 470 770 periclitantem
503 695 569 755 sine
599 693 738 754 remedio
771 693 935 780 depcrIre.a
984 690 1072 751 Unde
1100 691 1190 750 etiam

122 804 264 872 tempora
295 797 471 872 baptizandi
501 799 639 873 legitima
667 799 697 857 in
725 796 840 856 talibus
868 792 1107 853 necessitatibus
1136 793 1191 854 ob-

125 899 284 958 servanda
307 915 365 958 non
396 906 481 969 sunt,
510 902 564 960 sed
593 901 679 958 quta
702 899 828 957 decreta
849 894 960 955 Leonis
989 895 1192 972 aegritudine,

125 1001 351 1075 persecutione,
376 1001 538 1061 obsidione
562 1007 593 1061 et
616 1000 775 1073 naufragio
799 997 1044 1074 periclitantibus
1068 1012 1193 1073 semper

39 1172 40 1177 γ
123 1110 171 1162 est
187 1103 428 1162 succurrendum
442 1107 466 1178 ¹;
490 1111 520 1164 et
536 1104 665 1164 concilio
690 1101 876 1178 gerundensi
894 1104 986 1163 unius
1003 1102 1064 1162 diei
1082 1102 1191 1172 infans,

124 1205 149 1262 si
184 1206 213 1263 in
245 1205 420 1266 discrimine
450 1207 500 1280 sit,
534 1201 685 1282 baptizari
713 1206 863 1270 ,iubetuni
914 1205 976 1264 Eos
1008 1209 1118 1273 autem,
1153 1203 1192 1260 de

124 1307 237 1382 quibus
266 1308 415 1367 incertum
446 1315 507 1381 est,
538 1310 568 1368 id
596 1315 643 1369 est
672 1309 724 1384 qui
748 1311 831 1368 nullo
855 1307 1031 1367 testimonIo
1061 1305 1193 1382 probare

126 1415 265 1483 possunt,
298 1426 332 1470 se
364 1427 436 1472 esse
464 1411 647 1487 baptizatos,
678 1427 717 1470 ex
740 1411 870 1471 concilio
894 1407 1133 1484 carthaginiensi
1162 1414 1194 1466 et

124 1511 258 1570 decretis
281 1511 395 1574 Leonis
419 1502 569 1574 discimus
592 1502 740 1589 baptizari
765 1514 916 1586 debere³;
940 1514 1008 1572 illos
1031 1528 1116 1582 vero,
1140 1510 1193 1585 qui

123 1613 298 1690 baptizatos
327 1608 453 1692 qnidam
480 1614 534 1677 sel
563 1624 726 1690 noverunt,
759 1616 877 1697 sedin
905 1631 967 1690 qua
998 1613 1192 1690 professione

124 1717 268 1792 ignorant
291 1717 431 1776 einsdem
454 1718 569 1778 Leonis
592 1720 694 1794 papae
718 1718 926 1802 decreta-sub
955 1731 1065 1776 luanus
1094 1716 1193 1791 impo-
1257 1724 1259 1727 ·

123 1819 236 1879 sitione
264 1820 482 1895 suscipiendos
514 1821 731 1881 constituunt.4
774 1820 929 1895 Tempora
959 1827 1061 1879 autem
1095 1818 1193 1894 bapti-

123 1923 212 1981 zandi
237 1923 374 1996 legitime
391 1924 510 1998 pascha
526 1931 556 1982 et
572 1929 771 2000 pentecostes
788 1922 999 2009 praefiguntur
1019 1922 1192 1981 secundum

124 2024 250 2084 decreta
274 2023 397 2100 Syrien,
428 2024 542 2085 Leonis
564 2027 614 2085 vel
639 2025 752 2085 Gelasii
781 2026 1017 2100 episcoporum,
1049 2023 1192 2098 quamvis

125 2128 255 2188 concilio
290 2126 478 2201 gerundensi
512 2128 622 2187 natalis
650 2127 770 2186 Domini
802 2133 831 2185 et
861 2123 980 2202 pascha
1010 2127 1194 2200 ponantur.⁵

194 2325 271 2390 αΜΙ,
290 2329 379 2393 perire.
398 2357 430 2364 -
449 2316 463 2356 b
482 2345 520 2391 oe,
539 2329 697 2394 sequidem.

200 2520 209 2553 ¹
226 2516 277 2567 Leo
295 2517 312 2580 Ι,
330 2520 462 2570 440-461
483 2519 509 2567 in
528 2518 638 2582 epistula
656 2533 703 2568 sua
720 2518 754 2568 ad
771 2518 905 2568 universos
923 2516 1057 2580 episcopos
1075 2529 1120 2579 per
1133 2513 1197 2583 Sici-

125 2603 187 2651 liam
206 2604 364 2654 constitutos:
385 2641 474 2662 .....
477 2608 504 2653 ut
522 2602 556 2664 hi,
581 2617 644 2668 quos
663 2618 678 2651 a
696 2603 738 2653 die
759 2601 870 2668 paschae
889 2606 931 2650 aut
954 2599 1071 2650 molestia
1088 2600 1196 2649 infirmi·

125 2687 183 2735 tatis
206 2691 250 2736 aut
275 2686 450 2754 longinquitas
468 2689 565 2738 itineris
589 2691 633 2737 aut
650 2688 823 2752 navigationis
842 2685 979 2736 difficultas
999 2685 1141 2735 interclusit
1159 2686 1198 2734 in-

125 2772 191 2821 vitos
210 2776 254 2822 aut
272 2771 428 2836 quibuslibet
445 2773 637 2824 necessitatibus
654 2772 790 2836 impeditos
803 2770 923 2821 desiderii
942 2772 981 2820 sui
999 2768 1117 2820 effectum
1130 2769 1198 2820 dono

125 2857 230 2919 spiritus
243 2857 323 2906 sancti
340 2861 551 2922 consequantu1·.“
589 2896 679 2918 .....
683 2864 709 2907 ut
727 2859 754 2906 in
767 2857 855 2906 mortis
873 2855 995 2920 periculo,
1012 2856 1039 2905 in
1057 2855 1198 2906 obsidionis

125 2940 281 3003 discrimine,
305 2942 332 2991 in
355 2943 538 3006 persecutionis
561 2942 695 3005 angustiis,
719 2941 746 2990 in
764 2943 855 2992 timore
879 2941 1014 3003 naufragii,
1038 2939 1111 2989 nullo
1133 2943 1197 2988 tem-

124 3040 185 3089 pore
218 3024 268 3076 hoc
301 3041 377 3076 verae
410 3026 499 3076 salutis
528 3025 659 3090 singulare
690 3025 832 3077 remedium
863 3027 983 3090 cuiquam
1015 3025 1195 3088 denegemus.“

124 3108 218 3160 Baller.
246 3110 308 3175 Opp.
336 3112 412 3161 Leon.
432 3111 449 3174 I,
471 3127 495 3175 p.
515 3114 563 3163 727
574 3126 629 3176 sqq.
665 3111 751 3176 Migne
775 3116 792 3162 1.
812 3116 851 3164 54.
872 3113 930 3163 703.
957 3140 988 3148 -
1018 3112 1028 3146 ²
1054 3107 1196 3159 Concilium

124 3195 287 3259 gerundense
309 3211 376 3247 anno
396 3200 454 3257 511,
477 3212 533 3247 can.
551 3195 583 3249 V.
621 3196 671 3257 „De
692 3196 807 3260 parvulis
825 3213 894 3259 vcro,
918 3197 962 3261 qui
981 3211 1062 3259 nuper
1084 3199 1198 3245 materno

126 3284 196 3330 utero
215 3280 276 3332 editi
294 3287 361 3344 sunt,
379 3282 475 3347 placuit
493 3283 619 3344 constitui,
637 3287 664 3332 ut
683 3283 705 3332 si
723 3283 827 3341 Infirmi,
845 3288 872 3331 ut
890 3279 990 3342 assolet,
1008 3280 1102 3330 luerint
1118 3283 1141 3330 et
1159 3279 1198 3328 lac

127 3369 268 3416 maternum
288 3382 339 3416 non
362 3371 494 3431 appetunt,
517 3368 593 3417 etiarn
613 3367 702 3418 eadem
726 3367 767 3418 dle
786 3381 836 3432 qua
858 3367 909 3416 nali
933 3370 991 3416 sunt
1014 3365 1195 3429 baptizentur.“

125 3449 244 3505 Mansit.
262 3450 325 3514 VIII,
348 3467 373 3516 p.
392 3454 449 3504 549.
468 3481 501 3488 -
520 3455 531 3489 ³
549 3451 597 3504 Clr.
616 3453 689 3517 epist.
708 3455 756 3505 166
781 3452 859 3503 Leon.
882 3452 915 3501 ad
939 3451 1052 3502 Neonem
1078 3450 1198 3499 Ravenae

125 3537 282 3601 episcopum.
310 3536 374 3588 Ball.
387 3553 445 3602 opp.
457 3537 474 3600 l,
490 3540 563 3589 1405.
600 3537 685 3602 Migne
703 3543 720 3589 t.
739 3541 780 3598 54,
799 3553 823 3602 p.
838 3539 910 3588 1199.
929 3565 962 3574 -
981 3541 992 3573 ⁴
1010 3536 1060 3586 Cir.
1080 3537 1152 3599 epist.
1165 3535 1197 3587 ad

126 3620 251 3683 Nicetam‚
278 3621 462 3686 aquileiensem
491 3623 567 3687 episc.
595 3622 657 3686 Opp.
685 3623 763 3674 Leon.
786 3628 802 3671 l.
821 3621 838 3683 l,
862 3638 886 3686 p.
907 3623 982 3680 1330;
1010 3620 1097 3684 Migne
1120 3626 1137 3670 t.
1157 3624 1197 3674 54.

128 3708 203 3758 1135.
231 3736 262 3744 -
291 3707 346 3756 ⁵In
372 3706 472 3757 concilo
499 3707 655 3772 gerundensi
681 3723 748 3757 anno
767 3710 814 3758 517
843 3705 931 3774 (supra
957 3711 1007 3757 not.
1027 3705 1052 3774 2)
1074 3721 1131 3757 can.
1154 3705 1197 3765 IV,

127 3805 179 3840 non
197 3790 253 3840 dies
270 3791 361 3840 natalis
379 3791 490 3850 Domini,
514 3796 541 3841 nt
558 3791 615 3841 vult
632 3789 797 3853 Walalridus,
820 3791 864 3841 sed
882 3791 976 3856 pascha
996 3798 1019 3841 et
1041 3794 1198 3855 pentecostes

125 3880 154 3924 ul
173 3875 227 3926 dies
244 3876 410 3941 baptismales
428 3878 558 3926 constituti
579 3881 644 3928 sunt.
