2768 4552
652 314 864 372 ..40-

226 488 351 558 ceptum
381 488 430 540 est
466 484 514 541 vel
548 484 651 558 potius
686 483 873 557 permissum
907 482 1097 552 carnalibus,
1130 481 1233 540 varias
1264 488 1299 540 et

226 591 430 659 sumptuosas
455 584 630 643 oblationes
647 583 804 652 exhibere,
828 589 863 642 ut
885 584 1007 644 servilis
1023 583 1128 658 religio
1144 583 1297 657 gravibus

226 687 410 746 desudarett
442 684 618 762 obsequiis3
658 692 690 743 at
719 701 795 745 vero
835 693 1000 762 postquam
1039 701 1134 760 super
1169 701 1297 745 omnem

225 795 340 847 terram
364 786 522 847 laudabile
545 805 657 847 nomen
675 789 798 848 Domini
815 787 933 860 inluxit,
950 787 1086 862 dumque
1102 786 1131 844 in
1148 787 1296 847 omnibus

226 891 303 952 locis
333 896 364 948 et
392 889 534 962 gentibus
566 907 627 949 non
651 892 801 966 speciale,
831 892 887 950 sed
915 889 1058 965 generale
1082 890 1296 948 sacerdotium

228 992 362 1067 geritur,
397 995 458 1050 tota
491 990 626 1051 fidelium
660 993 777 1051 unitate
811 1008 871 1052 non
905 993 933 1050 in
967 1007 1062 1049 unum
1092 992 1297 1066 corporaliter

226 1096 338 1166 locum,
362 1094 417 1152 sed
440 1092 472 1150 in
494 1109 587 1151 unam
604 1093 781 1170 spiritaliter
802 1095 892 1152 iidem
915 1097 1117 1153 concurrente
1140 1098 1293 1152 statutum

227 1201 276 1255 est
298 1194 452 1265 fidelibus,
476 1193 646 1254 oblationes
664 1195 822 1270 simplices
838 1197 970 1257 Domino
994 1210 1186 1269 consecrare,
1209 1211 1295 1270 quae

228 1306 259 1356 et
281 1297 442 1356 veritatem
466 1297 603 1371 mysterii
627 1297 823 1357 continerent
847 1305 877 1357 et
906 1298 985 1357 filios
1009 1297 1183 1373 adoptionis
1207 1297 1296 1357 nulla

227 1403 405 1471 sumptuum
443 1396 621 1458 difficultate
654 1401 901 1475 comprimerent.
933 1434 975 1441 —
1003 1399 1070 1459 Non
1106 1406 1153 1458 est
1187 1405 1294 1458 autem
1324 1447 1330 1455 .

227 1498 455 1559 discutiendum
478 1502 597 1560 ratione
620 1503 806 1572 mortalium,
828 1518 883 1560 eur
905 1499 983 1560 haec
1005 1503 1056 1561 vel
1079 1502 1139 1573 illa,
1162 1501 1220 1560 isto
1240 1504 1293 1561 vel

226 1602 277 1660 illo
301 1606 450 1674 tempore,
474 1603 564 1677 quasi
587 1603 712 1663 diversa
728 1610 759 1663 et
774 1604 984 1678 discrepantia
1006 1604 1066 1674 Ille,
1090 1605 1143 1679 qui
1167 1617 1296 1678 semper

226 1702 309 1761 idem
338 1710 386 1760 est
416 1707 447 1760 et
469 1705 581 1763 mutari
604 1720 665 1763 non
688 1711 805 1781 potest,
828 1705 971 1764 statuerit
992 1704 1043 1762 rel
1068 1704 1199 1775 iusserit,
1222 1719 1294 1762 cum

227 1805 367 1879 ipsorum
380 1804 521 1863 conditor
533 1812 564 1865 et
576 1807 732 1866 ordinator
745 1812 926 1881 temporum,
940 1805 1090 1882 quicquid
1105 1807 1136 1864 in
1153 1812 1295 1881 tempore

227 1907 269 1978 lit,
292 1921 351 1964 non
373 1908 537 1982 temporali
554 1909 724 1983 sapientiae
740 1924 815 1968 suae
831 1907 957 1978 ratione,
981 1909 1037 1966 sed
1058 1916 1185 1967 aeterna
1201 1908 1294 1973 iuste,

228 2009 450 2069 convenienter
472 2016 503 2067 et
525 2012 648 2082 utiliter,
672 2010 816 2086 quamvis
840 2010 966 2085 saepius
988 2012 1116 2083 occulte,
1140 2011 1294 2086 disponat.

229 2111 405 2171 Notandum
442 2117 558 2183 tamen,
596 2113 678 2187 quod
718 2128 777 2170 non
817 2114 855 2171 de
890 2112 1073 2183 maioribus
1107 2112 1296 2181 fortioribus,

228 2213 452 2283 sanctioribus,
476 2214 649 2275 utilioribus
678 2215 718 2272 ad
746 2214 879 2285 minora,
901 2214 1082 2285 infirmiora,
1105 2215 1222 2280 viliora,
1246 2214 1295 2271 in-

199 2359 200 2362 *
227 2317 353 2376 utiliora
376 2331 473 2391 genus
497 2316 666 2374 humanum
690 2317 868 2386 vocaverit,
896 2317 952 2376 sed
980 2317 1060 2375 sieut
1081 2332 1218 2392 persona
1239 2314 1293 2373 filii

229 2419 330 2477 servis
352 2417 544 2493 praemissis,
567 2418 618 2474 vel
640 2417 761 2492 angelis
783 2418 928 2476 videlieet
951 2420 1000 2476 vel
1023 2418 1213 2487 hominibus,
1237 2432 1293 2476 na-

227 2527 316 2577 turae
340 2535 416 2579 suae
439 2518 610 2592 praeminet
626 2519 796 2589 maiestate,
819 2520 863 2578 sie
884 2520 995 2595 ipsein
1013 2537 1104 2579 carne
1121 2520 1294 2582 adveniens

228 2621 287 2679 illis
310 2621 430 2678 maiora
453 2619 591 2690 instituit,
614 2627 646 2678 et
669 2637 686 2679 a
702 2622 879 2680 carnalibus
896 2622 933 2679 ad
951 2623 1109 2697 spiritalia,
1128 2623 1294 2682 aterrenis

229 2722 268 2779 ad
293 2721 447 2793 caelestia,
470 2738 488 2779 3
512 2723 735 2797 temporalibus
759 2723 799 2782 ad
822 2731 957 2793 aeterna,
980 2723 1019 2782 ab
1044 2724 1229 2800 imperfectis
1253 2725 1294 2783 ad

229 2824 371 2900 perlecta,
395 2823 433 2880 ab
455 2823 566 2882 umbra
589 2825 625 2882 ad
651 2841 774 2900 corpus,
798 2826 836 2884 ab
859 2824 1045 2900 imaginibus
1069 2826 1107 2884 ad
1130 2827 1293 2886 veritatem

227 2926 333 2985 docuit
356 2927 590 2986 transeundum.

295 3175 318 3203 θ’
326 3193 360 3238 m,
378 3175 534 3226 desuaderet.
