2768 4552
644 326 856 386 ..gg-

219 496 445 557 consuetudine
468 510 558 554 nemo
576 495 627 570 qui
647 495 773 565 duhitet,
799 510 867 555 cum
885 496 991 571 primis
1007 498 1142 571 gratiaea
1162 501 1290 570 tempo-

216 599 303 659 ribus
334 597 531 673 impositione
565 613 710 656 manuum
746 594 919 673 baptismab
953 597 1128 657 confirmari
1162 600 1291 670 soleret,

218 701 301 778 quod
323 701 353 757 in
380 699 522 760 Samaria
544 700 656 759 iecisse
680 698 800 759 Petrum
819 699 928 774 iegitur
943 705 973 756 et
989 699 1164 758 Ioannem.l
1201 700 1291 773 Quae

217 801 410 862 confirmatio
435 808 465 860 et
494 809 568 860 tunc
591 802 628 860 ad
660 802 775 876 primos
798 801 951 861 ecciesiae
974 808 1118 876 pastores
1141 803 1291 877 pertinuit

218 911 249 963 et
271 920 353 963 nunc
369 903 524 979 pertInere
540 919 601 963 non
617 904 790 978 dubitatum
813 904 895 963 unde
911 903 940 961 ln
956 904 1125 964 canonibus
1141 905 1291 980 saepius⁰

217 1007 411 1066 interdicitur
451 1005 654 1080 preshyteris
700 1022 738 1064 ne
780 1005 915 1066 chrisma
955 1006 1141 1066 conficiant²
1183 1021 1291 1082 neque

216 1110 394 1184 baptizatos
424 1107 451 1165 in
484 1109 582 1168 fronte
610 1108 806 1180 consignent,
839 1107 922 1184 quod
951 1109 1027 1166 sotis
1051 1108 1182 1167 debetur
1204 1109 1291 1182 epis-

218 1211 317 1287 copis.
363 1210 531 1270 Testantur
558 1211 617 1270 hoo
647 1210 771 1269 decreta
795 1210 963 1268 iunocentii
989 1225 1090 1286 papae
1117 1216 1148 1268 et
1170 1216 1291 1270 statuta

219 1313 382 1389 SyIrestri‚
408 1309 481 1387 quid
509 1320 540 1370 et
567 1314 636 1387 ipse
664 1314 809 1383 Instituit,
839 1320 871 1370 ut
903 1313 1068 1388 presbyter
1098 1312 1290 1388 baptizatum

220 1416 390 1476 chrismate
429 1414 515 1474 liniat
559 1421 685 1489 propter
725 1415 922 1474 occasionem
962 1414 1110 1475 transitus
1150 1415 1292 1474 mortis.3

285 1613 298 1640 ³
316 1630 354 1678 oe,
373 1628 424 1664 orn.
442 1614 545 1677 gratiae.
556 1602 612 1649 -b
632 1631 670 1676 oe,
689 1613 914 1679 baptismum-⁰
931 1631 969 1676 oe,
982 1629 1066 1679 saepe.
1083 1642 1116 1650 -
1134 1599 1149 1641 (Ι

290 1770 298 1804 1
317 1771 373 1817 Aet.
392 1766 454 1827 VIII,
470 1769 508 1818 17.
527 1795 560 1803 -
581 1770 590 1804 ²
610 1767 663 1816 Hoc
680 1768 974 1833 interdictum'primum
992 1769 1122 1818 invenitur
1139 1769 1165 1818 iu
1184 1768 1293 1822 duobus
1328 1781 1330 1784 ’

216 1851 308 1904 concil.
327 1851 439 1915 carthag.
457 1854 530 1902 annis
549 1854 692 1904 386-390.
711 1867 767 1903 ean.
780 1851 818 1902 III.
857 1851 1022 1913 „chrismatis
1040 1853 1164 1903 conlectio
1177 1857 1201 1903 et
1213 1853 1291 1918 puel-

216 1935 301 1986 larum
313 1937 467 1986 consecratio
476 1926 494 1985 ‘a
506 1937 661 2003 presbyteris
674 1952 725 1987 non
738 1937 823 1988 fiune.
859 1936 941 1986 hiansi
953 1936 991 1997 III,
1004 1938 1062 1989 691.
1080 1965 1114 1974 -
1134 1939 1145 1976 ³
1163 1935 1294 1989 Silvester

217 2023 360 2076 314-335.
388 2020 451 2082 „Hie
468 2026 492 2071 et
504 2020 552 2072 hoc
564 2023 701 2085 constituit,
719 2027 747 2071 ut
758 2022 912 2085 baptizatum
929 2020 1014 2072 liniret
1032 2023 1164 2089 presbyter
1175 2020 1294 2074 chrisma

217 2107 331 2158 levatum
359 2105 390 2154 de
418 2120 485 2170 aqua
511 2110 620 2174 propter
646 2109 813 2158 occasionem
838 2108 953 2158 mortis.“
993 2107 1021 2158 L.
1043 2123 1068 2172 p.
1091 2104 1172 2165 Duch.
1192 2104 1210 2166 Ι,
1230 2109 1293 2160 171.

216 2192 349 2243 Decretum
376 2190 734 2258 Innocentiil.(401-417).
758 2193 832 2241 euius
851 2191 893 2241 W.
919 2190 961 2240 hic
986 2193 1142 2242 mentionem
1161 2191 1229 2252 lacit,
1248 2191 1292 2242 in-

217 2278 305 2328 venies
324 2276 387 2327 inl.
406 2276 478 2339 epist.
501 2275 534 2325 ad
557 2275 657 2326 Decent.
676 2292 697 2327 c.
717 2279 740 2328 3.
777 2275 828 2336 „De
850 2275 1032 2339 consignandis
1058 2291 1119 2326 vero
1146 2275 1295 2328 infantibus

218 2361 382 2411 manifestum
400 2365 445 2423 est,
467 2375 518 2410 non
536 2360 568 2410 ab
586 2359 637 2410 alio
655 2375 732 2426 quam
752 2361 783 2411 ab
801 2362 921 2425 episeopo
938 2361 993 2411 fieri
1011 2359 1097 2411 licere.
1132 2359 1198 2410 Nam
1216 2376 1293 2426 pres-

217 2445 314 2512 byteri,
341 2444 400 2494 lieet
426 2446 476 2494 sint
503 2445 658 2509 sacerdotes,
683 2446 845 2510 pontificatus
871 2450 957 2495 tamen
984 2447 1081 2511 apicem
1110 2461 1160 2495 non
1182 2444 1291 2501 habent.

219 2530 289 2580 Haec
307 2535 390 2581 autern
409 2529 572 2593 pontificibus
591 2530 653 2581 solis
671 2531 770 2594 deberi,
795 2535 821 2580 ut
840 2529 881 2580 vel
898 2531 1049 2594 consignent
1068 2530 1108 2582 vel
1126 2530 1291 2583 Paracletum

220 2614 344 2679 Spiritum
363 2614 463 2665 tradant
481 2630 533 2665 non
551 2615 635 2664 solum
654 2616 812 2667 consuetudo
829 2614 999 2665 ecclesiastiea
1014 2615 1177 2677 demonstrat,
1196 2632 1289 2668 verum

216 2704 241 2750 et
264 2698 310 2748 iIIa
332 2697 406 2749 lectio
429 2700 541 2750 Actuum
561 2700 757 2765 Apostolorum,
785 2715 850 2765 quae
874 2700 970 2761 asserit,
998 2691 1146 2750 Petrurnet
1164 2698 1290 2752 loannem

217 2800 273 2834 esse
295 2783 416 2845 directos,
445 2786 488 2849 qui
516 2786 567 2835 iam
594 2786 726 2850 baptizatis
757 2785 884 2835 traderent
910 2785 1026 2848 spirltum
1052 2789 1176 2834 sanetum.
1220 2784 1290 2837 Nam

216 2868 372 2936 presbyteris
407 2885 451 2919 seu
484 2875 554 2920 extra
585 2872 734 2935 episcopum
771 2885 816 2920 seu
847 2875 978 2935 praesente
1005 2870 1123 2934 episeopo
1149 2868 1290 2934 baptizant,

152 2961 153 2966 ’
217 2952 354 3005 chrismate
377 2953 515 3017 baptizatos
541 2971 635 3020 ungere
661 2954 732 3015 licet,
760 2954 805 3004 sed
831 2955 900 3019 quod
926 2955 958 3005 ah
982 2956 1100 3019 episcopo
1123 2954 1199 3005 luerit
1224 2969 1289 3005 con-

218 3040 352 3098 secratum,
377 3053 428 3088 non
446 3044 531 3089 tamen
549 3040 657 3090 frontem
676 3056 708 3090 ex
725 3039 814 3089 eodem
834 3037 891 3089 oleo
910 3040 1054 3103 assignare,
1072 3039 1143 3104 quod
1160 3039 1222 3090 soIIs
1240 3039 1290 3092 de-

1167 1631 1205 1676 oe,
1219 1617 1292 1680 quia.

142 3177 146 3186 ,
216 3120 289 3173 betur
307 3123 441 3188 episcopis,
464 3140 522 3175 eum
547 3123 649 3173 tradunt
668 3121 791 3188 Spiritum
809 3124 992 3176 Paracletum.“
1029 3124 1115 3188 Migne
1134 3139 1153 3174 s.
1172 3124 1189 3175 I.
1207 3128 1224 3175 t.
1243 3127 1289 3188 20,

215 3221 275 3272 pag.
294 3211 351 3260 554.
386 3209 421 3258 De
439 3213 575 3258 consecret.
595 3208 656 3258 hist.
675 3207 718 3270 IV,
731 3223 751 3259 c.
772 3210 828 3260 119.
865 3209 911 3259 Hie
929 3209 1122 3274 distinguuntur
1139 3223 1200 3273 ergo
1219 3209 1289 3263 duae

215 3292 348 3343 unctiones
365 3292 527 3343 chrismales:
547 3307 598 3343 una
616 3293 773 3355 baptismatis
792 3295 867 3344 etiam
887 3294 1041 3361 preshyteris
1060 3309 1187 3356 concessa,
1206 3293 1290 3346 altera

215 3376 416 3427 confirmationis
435 3377 497 3427 solis
515 3379 641 3441 episeopis
665 3384 798 3428 reservata.
835 3377 903 3427 Haec
925 3378 1082 3429 consuetudo
1105 3394 1211 3429 romana
1232 3386 1289 3430 erat

118 3525 122 3533 ·
215 3465 300 3511 autem
320 3477 371 3511 non
389 3462 540 3525 generaliter
558 3468 658 3526 recepta
675 3464 702 3512 in
720 3463 834 3514 eeclesiis
852 3461 1002 3524 Occidentis,
1021 3464 1090 3529 quod
1108 3463 1286 3528 intellegimus

215 3561 246 3595 ex
259 3560 313 3595 can.
326 3545 353 3594 II.
373 3546 465 3611 synod.
479 3547 585 3596 arausic.
599 3562 658 3597 ann.
671 3550 733 3598 441:
753 3547 861 3609 „Nullus
875 3549 1058 3609 ministrorum,
1076 3549 1121 3613 qui
1138 3548 1288 3613 baptizandi

215 3631 309 3694 recepit
327 3630 449 3686 officium,
468 3630 523 3680 sine
540 3630 677 3682 chrismate
695 3648 803 3697 usquam
821 3631 913 3682 dehere
931 3632 1058 3696 progredi,
1077 3633 1137 3698 quia
1154 3633 1220 3682 inter
1237 3648 1286 3685 nos

215 3714 311 3778 placuit
332 3714 412 3763 semel
436 3713 577 3766 chrismari.
614 3715 648 3765 De
671 3733 700 3766 eo
723 3723 819 3778 autem,
842 3717 886 3781 qui
909 3718 933 3766 in
958 3716 1108 3781 baptismate
1130 3731 1287 3784 quacunque

215 3799 363 3849 necessitate
381 3798 487 3849 iaciente
500 3815 551 3850 non
564 3799 716 3851 chrismatus
728 3803 811 3863 fuerit,
829 3803 855 3852 in
873 3803 1064 3854 confirmatione
1083 3800 1201 3852 sacerdos
1212 3815 1287 3853 com-

215 3883 369 3934 monebitur.
396 3881 462 3933 Nam
480 3884 544 3934 inter
557 3885 685 3950 quoslibet
697 3886 841 3938 chrismatis
853 3887 934 3952 ipsius
947 3902 998 3936 non
1011 3888 1060 3937 nisi
1073 3901 1125 3936 una
1141 3885 1286 3937 benedictio
