2768 4552
499 308 789 370 .—24-

155 482 260 551 utpote
296 475 337 536 illi
370 477 574 552 proximiores
608 477 725 536 meritis
758 483 789 536 et
822 478 893 537 ideo
927 481 1041 538 certius
1075 478 1223 540 audiendi

153 579 325 650 impetrent,
357 595 439 654 quae
472 580 565 640 saluti
596 580 764 654 petentium
795 586 950 655 oportuna
979 598 1040 640 non
1071 581 1224 642 nesciunt.

153 680 252 739 Deum
281 685 385 740 autem
414 697 550 754 oramus,
580 681 615 739 ut
645 697 702 740 sua
725 681 864 741 bonitate
888 683 1022 756 gratuita
1052 684 1169 743 meritis
1193 691 1227 744 et

154 783 432 844 intercessionibus
464 789 655 855 sanctorum,
690 799 769 860 quae
802 783 891 844 nobis
915 784 1029 843 iudicat
1059 787 1226 846 commoda

154 887 310 959 largiatur.
356 885 393 963 Et
411 884 482 946 huic
498 886 622 962 quidem
646 892 680 948 ut
695 887 771 958 Deo,
794 886 934 959 Domino,
959 888 1058 960 iudici,
1082 890 1226 961 creatori,

156 987 358 1065 omnipotenti
391 994 422 1046 et
455 989 603 1048 salvatori
634 988 860 1068 supplicamus
894 990 961 1048 illos
997 1006 1071 1049 vero
1104 997 1139 1049 ut
1168 991 1226 1050 Dei

156 1094 284 1163 amicos,
312 1090 433 1150 Domini
463 1091 604 1161 famulos,
634 1097 783 1165 patronos
805 1108 879 1150 vere
908 1090 1083 1152 honoratos
1107 1098 1137 1151 et
1160 1094 1227 1167 ple-

156 1197 235 1255 niter
258 1194 399 1252 salvatos
422 1194 451 1250 in
475 1191 658 1251 adiutorium
682 1202 856 1253 vocamus.a
899 1193 992 1252 Tales
1016 1210 1088 1254 esse
1114 1211 1225 1269 preces

155 1297 301 1367 fidelium,
319 1295 371 1369 qui
388 1295 528 1370 publicas
546 1296 699 1354 ecclesiae
716 1295 870 1355 orationes
888 1297 1086 1356 considerare
1102 1304 1226 1369 norunt,

157 1399 299 1460 dubitare
331 1413 390 1456 non
427 1393 606 1471 poterunti‘
643 1396 717 1459 Cum
752 1399 856 1472 itaque
889 1398 958 1457 talis
993 1399 1033 1459 sit
1067 1399 1227 1458 christiani

157 1500 303 1576 perfectio
329 1514 451 1571 sensus,
483 1516 542 1558 non
568 1505 640 1558 sunt
663 1498 847 1559 omnimodis
874 1498 996 1558 honesti
1020 1508 1051 1559 et
1074 1500 1228 1559 moderati

158 1603 325 1678 imaginum
350 1599 487 1660 honores
511 1600 673 1660 obiciendi.
718 1600 750 1660 Si
774 1601 852 1660 enim
877 1602 957 1672 ide0‚
986 1604 1059 1676 quia
1081 1604 1227 1662 norimus

158 1722 218 1764 non
243 1704 423 1764 adorandas
447 1718 504 1762 nec
524 1703 670 1762 colendas
694 1704 811 1774 iconas,
834 1705 1063 1763 conculcandae
1086 1709 1159 1763 sunt
1182 1710 1229 1763 etc

158 1807 309 1867 delendae
335 1805 471 1881 picturae
495 1806 585 1880 quasi
608 1820 668 1863 non
692 1805 892 1865 necessariae
909 1807 959 1865 vel
983 1808 1128 1879 nocivae3
1151 1821 1228 1881 ergo

160 1917 190 1970 et
213 1910 286 1987 quia
310 1909 474 1981 credimus,
498 1909 582 1988 quod
606 1913 727 1968 creator
743 1910 888 1978 omnium,
913 1909 965 1982 qui
988 1910 1103 1983 ubique
1127 1914 1229 1968 estet

112 2091 114 2095 .
160 2014 281 2073 caelum
316 2016 347 2070 et
385 2015 498 2070 terram
537 2010 650 2084 implet,
688 2026 749 2068 non
792 2005 929 2069 habitetd
965 2011 994 2068 in
1033 2011 1229 2082 manufactis

161 2114 351 2175 destruenda
380 2119 452 2172 sunt
473 2113 599 2189 templa,
629 2128 667 2170 ne
697 2112 860 2171 videamur
887 2112 1057 2186 parietibus
1083 2090 1228 2172 et'tectis

160 2219 311 2278 inclusum
345 2217 471 2275 credere
504 2221 687 2274 creatorem.
740 2214 852 2288 Sicque
886 2215 997 2291 poterit
1028 2216 1161 2287 evenire,
1196 2222 1230 2274 ut

161 2321 234 2379 dum
253 2333 413 2389 cavemuS,
435 2333 474 2376 ne
490 2317 611 2391 uspiam
628 2317 668 2375 sit
691 2317 815 2391 aliquid,
838 2316 890 2376 ubi
913 2316 1119 2392 insipientium
1141 2332 1229 2376 mens

161 2422 263 2499 possit
290 2435 403 2491 errare,
434 2417 509 2477 nihil
540 2432 620 2494 pene
650 2416 831 2491 habeamus
864 2436 924 2496 quo
952 2420 1004 2478 vel
1031 2419 1228 2480 devotionem

162 2529 302 2583 nostram
332 2536 533 2581 exerceamus
558 2521 608 2579 vel
632 2520 788 2596 simplices
812 2529 842 2581 et
868 2522 996 2596 ignaros
1020 2522 1058 2579 ad
1089 2537 1230 2580 amorem

162 2624 363 2686 invisibilium
392 2622 515 2683 trahere
546 2624 718 2682 valeamus
769 2621 921 2695 Quantum
952 2624 1058 2682 autem
1090 2623 1229 2683 utilitatis

163 2745 202 2788 ex
225 2728 363 2803 picturae
387 2725 505 2784 ratione
532 2725 704 2803 proveniat,
731 2725 936 2798 multicipliter
957 2729 1050 2799 patet.
1095 2724 1229 2785 Primum

139 2901 144 2916 Ι
164 2831 297 2907 quidem,
315 2828 387 2904 quia
404 2829 521 2903 pictura
537 2835 586 2887 est
598 2827 752 2903 quaedam
771 2825 942 2886 litteratura
960 2825 1122 2899 inliterato,
1140 2828 1230 2900 adeo,

91 2922 101 2942 ⁸
163 2939 197 2992 ut
212 2932 339 3009 quidam
358 2932 496 3005 priorum
512 2930 637 3003 legatur
660 2945 699 2988 ex
722 2930 850 3006 picturis
866 2928 1012 2987 didicisse
1034 2930 1230 3004 antiquorum

165 3031 325 3096 historias.
341 3033 469 3105 Deinde,
480 3038 514 3092 ut
525 3031 685 3091 brevitatis
694 3048 789 3092 causa
799 3030 1042 3107 praetermittam
1050 3030 1190 3107 plurima,
1201 3031 1230 3089 in

166 3138 262 3214 gestis
279 3137 420 3196 Silvestri
435 3151 535 3215 papae
551 3131 672 3208 legitur,
690 3135 923 3195 Constantinum
940 3134 1158 3210 imperatorem
1177 3149 1233 3208 per

166 3240 346 3299 thoracidas
361 3239 587 3312 apostolorum,
604 3237 687 3313 quod
704 3238 789 3314 ipsos
806 3237 834 3294 in
849 3236 1098 3308 visioneviderit‚
1116 3251 1232 3309 cogno-

165 3342 260 3405 visse.
294 3339 332 3399 Et
346 3341 488 3400 videmus
505 3341 670 3415 aliquando
687 3339 844 3414 simplices
861 3344 891 3397 et
912 3338 1034 3410 idiotas,
1059 3339 1111 3414 qui
1127 3338 1232 3397 verbis

165 3445 219 3503 vix
235 3444 274 3502 ad
297 3442 388 3526 iidem
406 3450 562 3517 gestorum
579 3447 713 3518 possunt
729 3442 863 3516 perduci,
887 3458 926 3500 ex
942 3441 1062 3517 pictura
1079 3441 1234 3516 passionis

167 3545 340 3606 dominicae
362 3547 412 3606 vel
429 3547 559 3606 aliorum
578 3543 761 3604 mirabilium
785 3544 827 3603 ita
844 3543 1018 3618 compungi,
1041 3549 1075 3602 ut
1096 3538 1233 3601 lacrimis

236 3782 311 3848 aM1,
335 3785 494 3835 invocamus.
514 3810 545 3818 -
564 3768 578 3808 b
598 3794 635 3841 m,
657 3760 800 3844 potuerunt.
819 3807 850 3816 -
869 3777 879 3805 ⁶
899 3777 966 3841 mlh,
989 3793 1040 3829 om.
1064 3783 1095 3827 et.
1115 3806 1146 3813 —
1164 3755 1234 3838 doe,

167 3867 271 3923 habitat.
