2768 4552
584 343 796 402 ...13-

153 514 338 573 nonttoos“1
361 515 531 574 subaudisa
560 521 646 591 patet
674 515 762 574 loous
786 515 922 590 fugiendi
948 519 1109 591 ‚petoritum
1138 516 1220 576 Deos

153 617 250 675 iodea
280 621 340 687 est;
368 617 450 676 barne
478 618 622 676 humiliot
649 623 680 677 et
705 616 787 676 bane
819 619 987 677 eanfleda
1038 618 1091 677 Cui
1125 618 1216 678 etiarn

154 717 307 793 propheta
337 719 421 777 dicit:
455 718 540 794 „Ouo
570 719 618 778 ibo
647 736 667 776 u
693 721 804 794 spirito
828 725 897 794 tuo,
923 724 954 777 et
974 735 1033 794 quo
1052 721 1177 794 sopiam
1200 739 1220 780 a

154 824 321 895 conspeetu
345 816 436 880 roob?
482 823 518 880 Si
539 821 709 880 ascendero
733 823 764 880 ln
787 823 926 881 eoelum“
952 828 983 880 et
1004 822 1150 897 reliqua.³

563 1289 569 1299 .
666 1214 727 1282 V.-

260 1382 325 1452 'Do
352 1383 441 1451 rasis
467 1404 553 1473 qnae
579 1383 776 1476 simpliciter·
801 1387 900 1475 sepau
927 1387 1096 1455 dicuntur.

219 1583 264 1643 De
287 1586 372 1644 vasis
402 1601 476 1644 vero
508 1585 650 1646 fusilibus
680 1590 730 1646 vel
759 1589 850 1647 etiarn
881 1588 1115 1669 productilibus
1139 1604 1220 1663 quaa

155 1686 333 1762 siniplioiter
355 1689 445 1762 signa
468 1697 634 1758 vocantur,
666 1691 739 1765 quia
768 1706 873 1751 eorum
899 1692 1068 1750 sonoritate
1092 1690 1220 1767 quibus-

155 1788 226 1848 dain
250 1791 392 1863 pulsibus
416 1791 552 1852 excitata
575 1792 789 1866 significantur
807 1793 912 1864 horae,
937 1796 1052 1870 quibus
1076 1795 1105 1852 in
1129 1794 1220 1854 domo
1260 1849 1264 1857 .

155 1891 211 1952 Dei
234 1899 350 1953 statuta
373 1893 570 1955 celebrantur
585 1895 698 1954 olfiuia:
723 1897 761 1956 de
776 1897 835 1967 his
860 1898 997 1973 inquam,
1022 1898 1097 1957 booc
1117 1899 1222 1958 dieen-

142 1985 229 2054 ‘duni
255 1995 385 2070 videtur,
414 1999 498 2073 quod
530 2015 638 2060 eorum
667 2016 744 2059 usus
775 2016 835 2060 non
859 2000 939 2060 adeo
964 2003 1045 2074 apud
1074 2001 1219 2074 antiquos

154 2094 280 2158 habitus
309 2102 462 2179 proditur,
491 2103 566 2178 quia
598 2117 654 2162 neo
680 2107 741 2162 tani
773 2104 932 2177 multiplex
962 2101 1043 2177 apud
1067 2117 1121 2160 eos
1145 2116 1218 2159 eon-

153 2201 304 2260 ventuuin
334 2204 518 2273 assiduitas,
543 2212 575 2262 ut
599 2205 690 2264 niodo
714 2212 776 2274 est,
801 2205 981 2266 habebatur.
1023 2204 1119 2279 ¹Apud
1142 2203 1220 2263 alios

154 2302 236 2362 enim
267 2304 391 2365 devotio
419 2309 488 2367 sola
517 2307 651 2380 cogebat
678 2309 716 2366 ad
745 2315 879 2367 statutas
908 2307 1004 2367 horas
1028 2320 1221 2379 concurrere,

154 2407 205 2466 alii
239 2406 575 2484 praenunciationibusd
609 2412 740 2486 publicis
773 2412 999 2482 invitabantur,
1031 2418 1061 2469 et
1095 2410 1124 2469 in
1160 2424 1222 2468 una

157 2513 353 2571 solemnitate
387 2514 526 2588 proxime
558 2516 676 2574 luturas
711 2515 882 2575 discebant.
938 2514 1032 2590 Apud
1066 2513 1219 2589 quosdam

156 2610 286 2688 tabulis,
327 2616 408 2691 apud
452 2620 615 2678 nonnullos
663 2618 826 2678 cornibuse
864 2617 962 2678 horae
1000 2617 1222 2696 prodebantur.

159 2716 309 2777 Vaso'runr
338 2725 456 2791 auteur,
487 2720 525 2779 de
550 2721 663 2794 quibus
687 2737 789 2780 sermo
814 2729 900 2781 ortus
924 2726 986 2793 est,
1010 2736 1100 2780 usurn
1124 2718 1222 2794 primo

157 2820 240 2896 apud
264 2822 356 2882 Italos
380 2822 534 2882 al‘firniant
553 2823 720 2883 inventuro.
758 2824 847 2884 Unde
864 2831 893 2881 et
908 2840 927 2883 a
943 2820 1125 2898 Campania,
1143 2834 1222 2896 quae

157 2929 207 2984 est
228 2924 333 2983 ltaliae
357 2926 524 3002 provincia,
549 2929 659 2986 eadem
679 2943 761 2986 vasa
776 2926 895 2985 maiora
910 2925 1035 3002 quidem
1051 2936 1223 2998 cainpanae

158 3029 310 3100 dieantur,
327 3028 446 3088 iniuora
461 3044 548 3102 vero,
572 3045 651 3104 quae
668 3037 699 3090 et
714 3047 733 3089 a
748 3047 827 3090 sono
840 3029 1047 3088 tintinnabula
1062 3028 1222 3089 uocantur,

158 3134 246 3192 nolas
276 3134 445 3206 appeliant,
471 3147 488 3190 a
512 3133 589 3192 Nola
612 3134 758 3193 'eiusdem
789 3132 913 3191 civitate
945 3128 1147 3204 canpaniae,
1172 3125 1222 3184 ubi

159 3235 266 3318 eadem
303 3251 383 3295 vasa
417 3237 515 3312 primo
551 3244 624 3296 sunt
651 3242 865 3296 commentata.
919 3235 998 3309 Quia
1027 3248 1100 3292 veri)
1130 3229 1223 3288 tubas

159 3353 269 3398 aereas
294 3345 324 3396 et
347 3345 512 3413 argenteas
537 3339 565 3398 in
589 3342 656 3413 lege
679 3339 859 3410 habentusi,
883 3345 912 3396 et
940 3335 1112 3412 propbeta⁵
1134 3332 1224 3408 quasi

227 3521 240 3549 ³
258 3540 307 3581 em,
326 3524 444 3575 subaudi.
464 3553 496 3560 -
515 3511 527 3550 b
545 3541 583 3586 oa,
602 3541 652 3590 quo
665 3541 680 3575 a
693 3525 756 3575 lucie
769 3529 811 3574 lua
824 3525 929 3588 logiam,
942 3528 969 3570 ut
981 3519 1040 3570 exh.
1053 3517 1134 3581 Vulg.
1147 3515 1223 3565 LXX:

159 3609 210 3656 ποῦ
234 3605 359 3676 πορευθῶ
384 3606 436 3660 ἀπὸ
461 3614 510 3661 τοῦ
533 3608 687 3674 πνεύματός
710 3625 769 3672 οου;
793 3606 838 3660 καὶ
865 3604 917 3658 ἀπὸ
943 3606 991 3654 τοῦ
1015 3604 1158 3673 προσώπου
1177 3617 1223 3651 σου

160 3696 210 3744 ³105
225 3691 309 3763 φύγω.
327 3725 359 3733 -
378 3696 389 3724 ⁰
408 3712 445 3758 oe,
463 3698 514 3753 hie.
534 3729 565 3736 -
584 3681 598 3722 ‘¹
617 3696 680 3752 mlh,
694 3692 950 3760 pronuntiationibus.
964 3707 1019 3733 ..e
1037 3688 1223 3753 littoralibus.

232 3860 240 3894 1
258 3856 299 3906 Ps.
310 3809 434 3916 taa-
448 3811 467 3892 *²
480 3857 520 3906 Ps.
532 3810 572 3915 ll,
583 3810 632 3906 {et
642 3854 665 3904 8.
685 3879 716 3887 —
737 3853 747 3887 ³
760 3851 801 3901 Ps.
814 3850 870 3909 138,
881 3851 904 3898 l.
922 3873 955 3884 -
974 3851 985 3885 ⁴
998 3843 1103 3896 Numeri
1116 3842 1145 3906 X,
1156 3847 1178 3895 2.
1192 3873 1224 3881 —

189 3944 235 3997 lsa.
253 3945 295 4004 58,
308 3947 329 3995 l.
