2768 4552
549 289 736 347 ..7-

107 465 335 534 consequenter
357 459 450 517 etiam
474 458 718 519 aedificationem
749 458 931 533 templorum
961 464 992 517 et
1014 464 1178 536 sanguinis

108 578 169 622 non
194 563 295 621 solum
319 560 474 632 animalis,
507 561 563 620 sed
593 562 686 621 ctiam
716 560 844 621 humani
874 561 1110 624 immolationem
1139 568 1179 627 ad

107 665 257 725 maiorem
281 662 425 739 persuasi
448 663 561 722 erroris
584 664 753 723 vindictam
783 661 842 721 sibi
864 663 930 721 lieri
954 667 1177 738 exposcebant.

105 767 243 841 Ideoque
267 767 463 841 omnipotens
479 771 510 824 et
527 766 649 841 patiens
665 772 793 836 creator,
818 766 958 824 iacturae
974 782 1051 825 suae
1067 771 1177 830 volens

108 870 316 945 undecunque
340 869 512 939 consulere,
534 868 623 942 quiat
644 875 770 942 propter
794 867 990 941 tragilitatem
1007 871 1177 931 carnalium

38 956 46 974 ⁶
109 985 218 1032 omnes
248 969 492 1031 consuetudines
520 969 638 1044 pariter
665 970 729 1029 tolli
760 984 818 1027 non
845 984 936 1043 posse
959 968 1087 1042 sciebat,
1113 989 1180 1047 per-

39 1096 42 1104 ·
109 1075 195 1136 misit
223 1082 255 1135 et
280 1073 372 1133 iussit
400 1073 555 1147 quaedam
588 1071 645 1130 sibi
682 1071 864 1131 obedienter
891 1087 909 1130 a
944 1071 1000 1146 piis
1030 1071 1178 1146 exhiberi,

111 1191 192 1253 quae
215 1176 421 1236 daemonibus
438 1174 653 1233 damnabiliter
676 1174 714 1233 ab
736 1173 836 1247 impiis
852 1173 1064 1249 solvebantur,
1087 1177 1178 1238 sicuti
1261 1197 1263 1201 ’

112 1283 185 1339 sunt
210 1277 333 1338 aedium
364 1277 610 1346 constructiones
639 1282 669 1335 et
696 1276 890 1336 diversorum
921 1292 1034 1350 genera
1061 1278 1179 1339 sacrifi·

111 1381 235 1440 ciorum.
279 1379 319 1438 Et
341 1380 456 1439 lactum
481 1385 537 1449 est,
561 1386 595 1437 ut
620 1394 699 1460 quae
722 1378 878 1453 prioribus
901 1383 1029 1456 propter
1050 1381 1179 1441 infirmi-

108 1489 204 1565 tatem
227 1497 383 1543 concessa
406 1488 480 1541 sunt
499 1480 538 1540 ad
555 1482 768 1542 exclusionem
786 1481 910 1555 erroris,
934 1480 1024 1539 nobis
1047 1497 1179 1557 sequen·

106 1580 207 1644 tibusb
227 1602 288 1661 per
302 1583 414 1644 Christi
430 1584 611 1659 passionem
624 1582 780 1660 patefacta
794 1583 980 1659 proficerent
995 1584 1035 1643 ad
1051 1600 1179 1646 causam

98 1687 317 1765 ‘perfectionis
341 1686 415 1746 dum
431 1686 507 1745 etin
525 1686 583 1746 illis
597 1686 810 1746 materialibus
827 1687 989 1745 structuris
1006 1689 1178 1749 aedificium

108 1789 260 1851 ecclesiae
276 1789 421 1865 spiritale,
438 1788 512 1847 etin
530 1789 706 1876 carnalibus
721 1789 855 1849 victimis
871 1803 909 1847 ac
929 1789 1180 1850 solemnitatibus

107 1891 289 1968 passionem
314 1891 426 1951 Christi
450 1898 481 1951 et
502 1892 649 1950 virtutum
672 1892 858 1951 documenta
886 1892 1048 1950 sentimus.
1095 1892 1181 1952 Sicut

108 1999 214 2055 autem
238 1994 392 2071 quaedam
414 2001 583 2070 praecepta
605 1996 737 2053 moralia
753 1994 844 2053 nobis
861 2000 891 2063 et
905 1992 1065 2053 veteribus
1080 1996 1180 2054 voluit

108 2096 194 2155 Deus
210 2111 282 2155 esse
299 2096 481 2169 communia,
499 2103 532 2155 ut
544 2103 617 2155 sunt
629 2113 676 2174 ea,
692 2112 772 2172 quae
789 2096 829 2155 ad
845 2112 963 2156 momm
981 2095 1177 2157 honestatem

109 2197 195 2257 etad
210 2198 260 2257 ius
275 2200 355 2281 inter
366 2198 509 2259 homines
523 2199 677 2274 pertinent
691 2198 954 2269 conservandum,
968 2197 1010 2256 ita
1021 2198 1177 2271 quaedam

108 2298 274 2376 flagitiosa,
299 2315 379 2376 quac
402 2279 589 2360 daemonum
614 2301 765 2376 voluptati
789 2307 861 2360 sunt
884 2299 1042 2376 instituta,
1067 2305 1097 2359 et
1119 2301 1178 2360 illis

109 2406 140 2459 et
161 2401 252 2460 nobis
277 2401 387 2467 statuit
409 2401 593 2461 omnimodis
617 2401 777 2478 fugienda:
802 2400 953 2461 maleficia
974 2402 1120 2462 videlicet
1143 2419 1179 2462 ac

113 2502 282 2572 mendacia,
305 2509 413 2578 stupra
436 2509 467 2562 et
489 2505 727 2581 superstitiosos
743 2518 866 2563 errores
889 2509 920 2561 et
935 2503 1056 2562 similia.
1095 2504 1179 2565 Haec

109 2621 177 2664 cum
202 2605 245 2664 ita
267 2607 330 2665 sint
353 2602 524 2679 distinctad,
547 2608 708 2668 sciendum
731 2614 794 2677 est,
819 2606 973 2681 quaedam
999 2621 1072 2666 esse
1096 2609 1178 2667 omni

107 2707 250 2782 religioni
264 2708 462 2782 communia,
484 2717 518 2767 ut
541 2716 602 2768 est:
626 2709 736 2784 „Qum
764 2709 818 2768 tibi
845 2725 906 2768 non
933 2710 977 2766 nis
1000 2711 1082 2781 ficri,
1105 2712 1180 2770 olti⁰

107 2829 145 2872 ne
164 2812 327 2884 feceriut,
351 2820 381 2869 et
404 2811 553 2888 quicquid
577 2827 616 2871 ex
636 2812 770 2871 naturali
793 2812 861 2886 lege
878 2810 991 2871 divinis
1009 2827 1178 2886 congruum

107 2912 265 2973 invenitur
288 2913 451 2973 mandatis
490 2914 557 2974 Hoc
572 2920 673 2973 tamen
699 2915 729 2973 in
751 2914 931 2985 illisdistat,
949 2901 1177 2990 quodquidam

107 3009 175 3074 illas
199 3021 327 3091 propter
356 3016 572 3089 honestatem,
606 3023 640 3076 ut
667 3016 861 3094 philosophi,
897 3016 1022 3094 quidam
1051 3023 1179 3092 propter

175 3183 188 3210 ²
206 3199 244 3245 oe,
262 3185 411 3249 quievero.
432 3213 463 3221 -
481 3169 495 3209 ¹³
514 3200 548 3245 m,
568 3185 706 3250 sequentis.
726 3212 757 3219 -
777 3182 788 3210 ⁰
806 3200 844 3246 oe,
863 3184 992 3249 voluptate
1005 3184 1126 3234 instituta.
1146 3211 1178 3222 -

107 3255 177 3331 doe,
195 3268 269 3320 aicta.
288 3297 319 3306 -
339 3268 350 3296 0
368 3269 415 3332 m,
435 3269 493 3322 arro.
512 3300 543 3306 -
562 3256 574 3296 r
590 3270 636 3332 nn,
654 3270 681 3320 m
701 3269 753 3320 rna.
792 3282 795 3286 ·

179 3428 187 3460 1
206 3422 270 3474 Tob.
280 3421 323 3485 lV,
335 3424 374 3474 16.
392 3421 481 3476 Matth.
492 3422 546 3474 Vll.
558 3425 598 3475 12.
611 3423 672 3474 Luc.
683 3422 726 3485 Vl,
737 3425 776 3475 31.
806 3420 975 3488 Lampridius
986 3422 1018 3472 de
1028 3421 1178 3473 Alexandro

107 3505 202 3558 Severo
222 3507 296 3558 refert
313 3522 352 3572 cp.
366 3510 412 3560 51:
432 3507 575 3570 „clamabat
588 3510 698 3573 saepius,
717 3507 787 3572 quod
805 3523 820 3557 a
839 3506 993 3572 quibusdam
1012 3509 1066 3558 sive
1078 3506 1179 3559 ludaeis

107 3595 161 3643 sive
180 3591 332 3643 Christianis
350 3593 465 3644 audierat
482 3599 507 3643 et
522 3592 631 3656 tenebat,
650 3593 728 3658 idque
744 3608 789 3658 per
805 3607 969 3656 praeconem,
986 3606 1046 3642 cum
1064 3591 1178 3658 aliquem

108 3677 263 3741 emendaret,
282 3679 333 3728 diei
350 3677 454 3731 iubebat
472 3679 550 3744 ‚quod
567 3679 613 3730 tibi
630 3679 685 3729 lieri
697 3694 748 3728 non
761 3679 809 3738 vis,
828 3677 899 3728 alteri
915 3692 946 3727 ne
962 3676 1067 3728 leceris‘.
1096 3678 1178 3740 Quam

107 3763 257 3812 senientiam
281 3763 446 3827 usqueadeo
465 3763 562 3826 dilexit,
584 3768 612 3813 ul
634 3769 657 3814 et
679 3764 705 3813 in
729 3762 821 3828 palatio
840 3768 863 3813 et
886 3764 912 3813 in
930 3761 1039 3827 publicis
1057 3763 1179 3827 operibus

106 3847 229 3910 perscribi
247 3847 370 3899 iuberet.“
