2768 4552
659 353 871 412 -30-

234 540 298 583 csse
325 527 437 594 oratio,
469 529 499 582 et
519 540 580 584 non
603 526 634 582 in
662 525 866 598 multiloquio,
896 524 951 582 sed
974 527 1004 583 in
1027 525 1169 598 puritate
1196 525 1305 585 cordis

232 632 264 685 et
285 629 520 701 compunctione
535 627 739 684 lacrimarum
754 642 810 686 nos
829 627 977 685 exaudiri
990 627 1139 685 sciamus“
1151 628 1168 696 ¹,
1191 631 1223 685 et
1238 642 1302 687 non
1344 685 1345 688 ,

232 728 261 787 in
287 730 423 789 clamosa
446 743 535 800 voce,
566 728 623 786 sed
650 727 680 786 in
711 727 847 787 lacrimis
876 734 907 786 et
934 728 1104 787 intentione
1127 728 1240 801 cordis,
1270 734 1304 788 et

231 832 316 890 item:
352 831 609 904 „considerantum
643 832 781 904 qualiter
813 833 844 890 in
876 837 1044 905 conspectu
1076 832 1244 890 diuinitatis
1272 838 1304 890 et

230 939 408 993 sanctorum
432 934 615 1006 angelorum
638 933 719 1008 (nos)
743 949 807 992 esse
824 939 980 1008 optorteat,¹
1006 939 1036 992 et
1055 935 1101 992 sic
1122 940 1234 992 stemus
1257 935 1303 993 ad

225 1034 434 1110 psallendum,
457 1040 491 1091 ut
512 1049 597 1093 mens
619 1041 727 1093 nostru
752 1036 921 1094 concordet
944 1040 1013 1095 voci
1036 1036 1213 1094 nostrae.“2
1250 1037 1301 1094 In·

229 1137 414 1211 tellegamus
430 1151 505 1210 ergo
528 1134 577 1194 his
594 1137 755 1211 exemplis
778 1137 850 1211 quid
875 1136 1018 1197 dominus
1037 1138 1067 1196 in
1091 1138 1215 1213 templis
1233 1138 1301 1199 suis

230 1238 296 1298 fieri
322 1238 398 1296 velit
432 1239 481 1296 vel
511 1238 585 1313 quid
612 1237 792 1312 probibeat3
826 1239 877 1312 qui
906 1245 937 1296 et
962 1237 1043 1299 filios
1075 1240 1143 1298 Heli
1172 1247 1302 1315 propter

230 1342 350 1402 scelera
382 1339 463 1400 circa
490 1338 723 1400 tabernaculum
756 1341 924 1400 commissa
955 1341 1076 1417 punivit
1103 1349 1134 1401 et
1165 1346 1299 1417 Annam,
1360 1326 1362 1331 ¹

230 1449 360 1503 matrem
389 1441 470 1502 beati
500 1441 684 1515 Sarnuhelis,
717 1443 747 1501 in
777 1449 899 1503 secreto
924 1445 1027 1504 cordis
1062 1452 1147 1506 motu
1174 1447 1298 1505 tantum

229 1546 379 1605 labiorum
404 1541 472 1604 sine
497 1544 627 1617 strepitu
641 1545 729 1604 uocis
750 1552 888 1605 orantem
913 1547 940 1604 in
963 1545 1016 1604 filii
1038 1547 1185 1620 petitione
1201 1563 1300 1609 exau·

229 1648 340 1719 divit33
364 1647 530 1722 ipsumque
546 1645 754 1719 Samuhelem,
778 1647 852 1723 quia
873 1647 1004 1708 fideliter
1026 1648 1055 1706 in
1072 1650 1164 1708 domo
1181 1650 1301 1709 domini

230 1749 423 1822 ministravit,
445 1749 612 1824 reprobato
630 1764 704 1808 sene
723 1751 803 1808 male
825 1747 904 1824 piol,
928 1750 957 1808 in
974 1750 1169 1827 prophetam,
1193 1767 1300 1810 sacer-

229 1855 332 1913 dotem
356 1859 387 1913 et
410 1853 520 1912 ducem
544 1853 644 1927 elegit,
668 1853 707 1910 de
731 1854 819 1912 cuius
839 1859 935 1913 nratre
959 1854 1191 1913 modestissima
1214 1855 1298 1913 etin

228 1957 368 2016 oratione
396 1956 546 2015 discenda
574 1964 622 2015 est
652 1955 798 2015 instantia
821 1952 945 2016 humilis
975 1962 1101 2033 etpost
1125 1957 1298 2018 orationem

228 2057 461 2134 perseverantia
493 2057 648 2118 salutaris.
704 2057 828 2130 Legitur
862 2057 1017 2134 siquidem
1052 2061 1091 2118 de
1124 2061 1188 2131 illa,
1223 2060 1299 2134 quia

227 2164 325 2220 cuitus
358 2163 440 2220 illius
473 2176 534 2220 non
567 2167 639 2220 sunt
671 2162 802 2234 amptius
835 2164 867 2219 in
901 2162 1024 2220 diuersa
1054 2163 1188 2220 nutant
1242 2160 1300 2233 Qui

228 2264 307 2322 enim
333 2269 387 2322 aut
409 2263 438 2320 in
455 2264 593 2322 oratione
610 2262 692 2320 aliud
711 2277 804 2335 quam
826 2261 919 2322 debet
942 2263 1024 2337 petit,
1048 2268 1103 2322 aut
1121 2263 1185 2322 ¹alio
1204 2263 1298 2322 modo

227 2383 321 2441 quam
345 2365 493 2439 magister
516 2363 700 2423 humilitatis
731 2364 876 2438 insinuat,
906 2366 1102 2441 deprecatur,
1127 2365 1180 2423 vel
1205 2381 1298 2425 orare

226 2469 326 2528 nescit
354 2471 404 2526 vel
435 2468 535 2529 minus
565 2483 658 2543 quam
685 2468 785 2543 potuit
814 2468 944 2544 prolicit.
990 2469 1046 2541 Qui
1070 2482 1145 2526 vero
1169 2474 1296 2540 peracta
1331 2482 1336 2489 ·

226 2570 365 2630 oratione
387 2571 438 2630 vel
467 2571 509 2628 ad
539 2569 650 2629 malam
683 2571 941 2630 consuetudinem
964 2573 1016 2630 vel
1043 2571 1083 2628 ad
1114 2584 1198 2628 nova
1221 2569 1297 2628 laci-

225 2688 304 2732 nora
327 2672 391 2731 sine
422 2678 568 2746 respectu
591 2686 666 2730 mox
695 2673 824 2748 prosilit,
855 2674 986 2733 fructum
1009 2671 1156 2733 orationis
1184 2671 1296 2746 perdit.

226 2776 301 2835 Nam
319 2775 445 2850 quidam
470 2775 662 2833 moratione
686 2781 795 2849 pectus
819 2776 934 2850 pugnis
956 2776 1178 2849 pavimentant,
1201 2781 1297 2847 caput
1348 2835 1350 2839 ,

226 2876 427 2947 contundunt,
458 2891 554 2935 voces
587 2876 728 2935 muliebri
763 2877 932 2949 gracilitate
965 2877 1170 2952 summittunt,
1203 2880 1233 2934 el
1264 2877 1296 2934 in

226 2981 369 3056 proximo
385 2980 435 3037 vel
451 2978 557 3038 verbis
571 2980 622 3038 uel
642 2978 728 3037 l'actis
745 2979 823 3037 alios
839 2974 1035 3048 conturbare,
1059 2985 1090 3038 et
1106 2979 1294 3052 semetipsos

226 3100 285 3143 non
310 3089 450 3141 metuunt
478 3081 651 3156 culpabiles
680 3080 837 3141 exhibere.
881 3080 919 3138 Hi
947 3079 1088 3138 nimirum
1118 3086 1225 3138 contra
1248 3080 1295 3140 iu-

225 3186 334 3257 dicem,
359 3201 450 3260 quem
468 3184 585 3243 orando
601 3183 766 3256 honorant,
782 3184 922 3243 moribus
938 3190 1086 3258 pugnant.
1118 3183 1163 3240 lle
1178 3198 1292 3242 vocum

225 3285 537 3367 autemjdiffcrentia
565 3286 755 3359 dicendum,
775 3288 870 3345 'illam
904 3300 975 3343 esse
1004 3285 1116 3343 diuinis
1148 3282 1293 3346 laudibus

225 3395 337 3462 aptam,
372 3405 453 3463 quae
486 3390 744 3463 qualitercunque
779 3388 927 3460 sonuerit,
960 3403 999 3447 ex
1033 3386 1114 3456 bonu
1144 3385 1294 3447 thesauro

226 3525 427 3532 --————..

945 3573 957 3613 b

293 3587 306 3614 ²
323 3588 370 3650 M1,
394 3605 441 3640 nos
461 3606 516 3640 esse
534 3590 563 3642 L.
581 3588 609 3640 G.
627 3594 651 3638 et
674 3604 713 3649 oc,
732 3603 782 3640 orn.
800 3603 856 3640 nos.
885 3617 916 3625 —
976 3604 1014 3650 oe,
1033 3603 1084 3638 om.
1103 3587 1169 3638 male
1186 3588 1236 3651 pio.
1263 3616 1292 3626 -

224 3673 235 3701 ⁰
254 3674 300 3737 llll,
319 3675 467 3727 dicentium.

224 3782 279 3789 —
791 3781 838 3785 -—
850 3779 1293 3786 ——-—-.--.——--—.-...—

294 3781 766 3891 1MalllfflJ-—mllbe-g-ulas.
784 3825 878 3878 Bened.
898 3840 936 3891 ep.
959 3829 996 3878 19.
1015 3853 1048 3862 -
1068 3829 1078 3864 ³
1096 3825 1145 3876 Cir.
1165 3826 1173 3874 l
1192 3826 1254 3889 Reg.
1275 3825 1293 3888 l,

225 3915 255 3966 10
266 3929 321 3980 sqq.
340 3943 373 3951 —
393 3919 404 3952 ⁴
422 3914 431 3962 l
449 3914 511 3978 Reg.
530 3912 548 3975 l,
568 3913 608 3977 18.Ι
