2768 4552
647 353 857 412 ..gg-

219 522 249 581 in
274 521 506 583 consecratione
538 521 759 580 sacrificiorum
793 528 956 596 assumpta
978 528 1034 590 cst,
1059 521 1294 594 inexpiatione

218 626 360 684 eiusdem
384 623 619 683 sacratissimae
647 623 776 682 actionis
800 623 892 695 digne
917 623 1051 696 ponitur,
1075 629 1108 681 nt
1132 619 1296 698 perhanc

218 727 372 803 purificati
405 727 457 800 qui
488 724 742 784 communicaturi
776 728 865 792 sunt,
895 739 977 798 quae
1009 729 1118 782 sancte
1148 724 1295 784 confecta

220 835 294 888 sunt
323 828 413 901 digne
449 828 488 885 ad
524 828 658 886 salutem
692 840 800 884 veram
833 826 1012 900 percipiant.
1068 826 1182 885 Pacem
1219 800 1294 885 ante

153 985 156 989 ,
220 931 467 991 communionem
504 928 571 986 dari
605 927 801 988 Innocentius
838 942 921 1001 papa
954 922 1107 988 decretis³
1141 926 1208 988 suis
1247 929 1295 987 in-

221 1033 332 1103 stituit,
361 1032 477 1090 scilicet
505 1038 552 1099 ut,
581 1031 664 1106 quod
688 1030 716 1087 in
741 1030 878 1089 oratione
907 1035 1017 1088 sancta
1040 1029 1099 1090 sub
1124 1031 1295 1106 sponsione

221 1133 415 1196 remissionis
444 1133 682 1208 praemittimus,
713 1139 841 1208 pacatos
870 1146 929 1189 nos
953 1133 1020 1205 ipso
1045 1148 1140 1207 opere
1164 1132 1296 1192 demon-

223 1243 366 1297 stremus.
391 1235 495 1308 Appos
517 1234 575 1291 Dei
597 1234 627 1291 in
651 1234 855 1293 contractione
880 1234 1019 1307 corporis
1036 1233 1193 1294 Dominia
1210 1236 1296 1294 clero

222 1347 252 1398 et
267 1338 387 1420 populo
404 1336 562 1394 decantari
579 1334 717 1420 Sergius,
733 1334 893 1394 LXXXVI.
922 1334 1135 1395 Romanorum
1152 1337 1295 1406 antistes

221 1439 405 1514 constitum,
418 1444 451 1496 ut
464 1439 537 1496 dum
553 1445 757 1513 praeparatur
769 1438 807 1496 ad
826 1437 958 1512 dispen
969 1434 1142 1496 sandum¹³
1155 1453 1297 1514 corpu-s

222 1540 453 1600 dominicum
481 1546 591 1615 rogent
620 1541 794 1616 accepturi,
819 1545 975 1614 quatenus
999 1540 1064 1613 itte,
1089 1540 1141 1615 qui
1164 1556 1225 1615 pro
1249 1541 1297 1601 eis

223 1644 349 1702 oblatus
373 1651 421 1702 est
451 1644 615 1712 innocens,
646 1643 740 1701 iaciat
763 1657 818 1700 eos
843 1642 1008 1701 salubriter
1030 1642 1160 1717 pignora
1182 1643 1297 1702 salutis

223 1750 367 1804 aeternae
390 1746 558 1820 percipere.
604 1744 700 1803 Porro
725 1744 810 1819 quod
834 1758 970 1803 canones
993 1745 1197 1819 praecipiunt,
1222 1760 1297 1803 eum

204 1848 262 1907 'ad
287 1863 397 1922 pacem
427 1863 488 1906 non
518 1846 669 1905 accedere
694 1847 828 1920 quinon
855 1846 1070 1915 communicat,
1095 1847 1224 1921 quidam
1248 1848 1297 1906 sic

222 1951 417 2023 intellegunt,
447 1947 529 2022 quod
555 1964 614 2007 non
639 1948 754 2006 debeat
775 1964 886 2023 pacem
910 1949 1051 2023 accipere
1080 1949 1150 2023 quis
1172 1951 1203 2009 in
1227 1949 1299 2008 aliis

173 2100 177 2108 .
223 2054 337 2122 missis,
362 2051 420 2109 nisi
442 2051 472 2108 in
497 2049 612 2124 quibus
636 2053 851 2111 communicat.
890 2050 950 2108 Alii
973 2064 1048 2108 vero
1065 2052 1185 2121 volunt,
1210 2051 1299 2111 illum

222 2162 343 2214 tantum
375 2169 393 2212 a
423 2167 500 2226 pace
530 2152 705 2227 prohiberi,
736 2155 789 2228 qui
818 2153 931 2212 iudicio
956 2151 1140 2211 sacerdotati
1168 2169 1300 2213 acom-

224 2259 371 2316 munione
400 2270 579 2329 suspensus
607 2265 670 2326 est,
693 2257 778 2314 ilium
800 2262 919 2324 autem,
944 2255 997 2328 qui
1021 2255 1154 2329 quadam
1175 2257 1301 2317 ratione

224 2362 275 2420 iilo
297 2365 437 2432 tempore
467 2355 567 2415 differt
598 2358 924 2428 communicationem,
948 2372 1018 2414 cum
1041 2362 1146 2416 tamen
1170 2373 1234 2417 non
1258 2360 1302 2418 sit

160 2445 162 2449 ’
224 2469 313 2520 extra
341 2459 606 2531 communionem,
635 2476 695 2518 non
726 2459 840 2517 debere
864 2474 882 2516 a
904 2459 990 2533 pacis
1019 2461 1119 2532 gratia
1146 2463 1301 2535 separari,

225 2579 264 2621 ne
292 2561 449 2621 humilitas
472 2562 540 2620 eius
565 2561 742 2635 graviorum
766 2560 927 2619 criminum
958 2561 1138 2636 suspicione
1163 2568 1302 2625 notetur.

224 2664 262 2722 Et
285 2664 358 2739 quia
381 2664 420 2722 de
442 2662 693 2722 communicandi
708 2662 859 2720 varietate
881 2663 1035 2737 quaedam
1058 2665 1302 2739 praemisimus²

226 2767 285 2826 hoc
308 2766 485 2824 addendum
513 2766 647 2823 videtur:
679 2779 751 2823 esse
780 2766 950 2839 quosdam,
983 2765 1035 2838 qui
1064 2767 1160 2825 semel
1191 2767 1222 2825 in
1248 2769 1301 2828 die

225 2869 471 2942 communicare,
507 2868 599 2925 etiam
628 2867 654 2924 si
684 2867 826 2941 pluribus
854 2868 1046 2925 interfuerint
1082 2868 1203 2940 missis,
1239 2887 1300 2946 pro

225 2972 376 3044 dignitate
400 2974 665 3028 sacramentorum
691 2968 835 3029 sufficere
852 2970 992 3037 credant,
1016 2985 1087 3028 esse
1107 2987 1183 3033 vcro
1207 2973 1301 3044 alios

225 3075 279 3148 qui
303 3075 384 3132 sicut
405 3075 433 3131 in
460 3086 521 3128 una
548 3071 593 3127 sic
617 3071 646 3128 in
670 3071 813 3131 omnibus
838 3073 952 3148 quibus
976 3070 1121 3130 affuerint
1143 3073 1251 3133 missis
1267 3075 1299 3133 in

225 3176 274 3233 die
287 3175 518 3234 communicare
531 3173 640 3246 veiint3
664 3190 795 3248 quorum
814 3182 941 3235 neutros
955 3174 1128 3248 culpandos
1143 3175 1301 3250 existim0,

226 3278 299 3352 quia
328 3277 408 3336 sicut
430 3275 626 3347 Augustinus
656 3277 698 3334 ait
721 3277 759 3334 de
783 3276 832 3335 his
856 3278 908 3351 qui
932 3277 1043 3335 cotidie
1067 3279 1302 3338 communicant

293 3476 306 3502 ²
325 3476 357 3535 Μ,
376 3448 534 3526 indueretis.
553 3506 584 3514 -
603 3465 617 3504 b
636 3476 669 3540 M,
688 3476 902 3541 dispendendum.

299 3599 445 3603 -——⁴——
457 3599 607 3606 ·---..-.-..
625 3602 684 3606 ..-.-
704 3602 729 3606 .,.
752 3601 812 3607 ..ρ-
845 3599 1301 3607 --.-.-------..-..

298 3666 306 3698 1
325 3662 359 3712 De
378 3660 469 3726 Sergio
487 3663 505 3724 i,
523 3680 589 3729 papa
607 3664 755 3724 tat—tol,
774 3661 838 3713 liber
856 3664 945 3728 pontii.
964 3663 1051 3713 refert:
1073 3664 1135 3723 „Hic
1154 3665 1252 3726 statuit,
1269 3672 1301 3716 ut

224 3752 337 3811 temporo
359 3747 537 3797 confractionis
560 3749 684 3799 dominici
707 3747 820 3810 corporis
846 3760 929 3811 upnus
951 3745 1004 3798 Dei
1025 3750 1070 3814 qui
1091 3751 1161 3800 tollis
1179 3755 1300 3816 peccota

226 3831 324 3891 mundi,
342 3833 467 3884 miserere
489 3834 563 3884 nobis
581 3849 595 3882 a
613 3833 680 3883 clero
699 3838 722 3882 ct
738 3832 834 3897 populo
853 3832 1024 3887 decantetur.“
1061 3832 1141 3885 Dnch.
1160 3833 1177 3894 Ι,
1191 3835 1251 3886 ate.
1263 3863 1300 3872 —

228 3917 239 3952 ²
257 3914 307 3966 Cir.
325 3933 379 3982 sup.
398 3933 452 3983 cap.
467 3918 530 3979 XXI,
549 3932 609 3982 pag.
622 3920 662 3967 di.
