2768 4552
616 318 851 378 -106—

707 605 759 674 ΙΙΙ.
774 626 775 629 ’

298 793 524 852 Documentum
548 765 824 850 administrationis
847 788 970 848 abbatis
994 787 1166 849 Walairidi.

199 925 247 994 (Ex
265 924 376 991 Drimpe',
401 926 510 990 Regesta
530 923 638 975 Badens.
674 921 814 973 Karlsruhe
835 922 910 982 1836,
932 922 1058 986 p.'10sq.
1100 920 1150 974 Cir.
1174 921 1270 985 dunig,

322 1010 476 1074 Freiburger
493 1005 731 1060 Didcesan-Arohiv
749 1005 787 1056 Bd
805 1005 837 1055 ΙΙΙ
856 1004 953 1074 (1868),
971 1021 995 1070 p.
1014 1007 1064 1058 405
1075 1003 1141 1073 sqq.)

264 1184 295 1241 In
321 1185 445 1243 nomine
469 1189 597 1242 sanotae
622 1190 652 1241 et
673 1179 853 1238 individuae
868 1178 1035 1240 Trinitatis.
1070 1177 1270 1237 Waiafredus

199 1285 264 1344 Deo
282 1285 404 1344 favente
420 1284 625 1358 augiensium
642 1282 741 1342 abbas
765 1282 906 1355 quamuis
930 1281 1085 1357 Indignus.
1124 1278 1268 1341 Omnium

198 1386 333 1447 fidelium
350 1393 527 1446 nostrorum
552 1393 613 1443 tam
637 1385 847 1458 praesentium
871 1400 965 1458 quam
988 1385 1157 1443 futurorum
1184 1399 1271 1441 oom-

199 1487 296 1563 periat
308 1486 467 1563 industria,
483 1487 615 1561 ¹qualiter
625 1503 683 1545 nos
697 1502 766 1545 oum
781 1485 955 1545 senioribus
971 1486 1145 1546 residentes
1162 1490 1268 1543 ettam

199 1589 239 1647 de
253 1589 353 1649 futuro
364 1605 456 1663 quam
469 1589 506 1648 de
519 1589 673 1663 praesenti
689 1589 815 1645 fratrum
829 1587 991 1647 commodo
1006 1587 1268 1661 praemeditantes

199 1689 420 1764 disposuimus,
443 1691 517 1765 quid
541 1691 679 1750 utilitatis
703 1696 733 1747 et
755 1689 845 1765 quale
868 1688 1003 1748 debitum
1027 1689 1154 1764 singuiis
1178 1688 1269 1748 annis

199 1797 306 1850 nostro
330 1793 483 1851 communi
508 1794 667 1852 cellerario
689 1796 796 1868 posset
819 1791 962 1850 conferri:

261 1892 306 1952 De
332 1894 605 1975 Chuntnpespaoite
634 1891 850 1970 (Kiinigsbaoh
880 1892 909 1950 in
941 1893 1099 1952 archiduo.
1122 1893 1209 1970 Bad.)
1239 1893 1269 1952 X

199 1994 338 2071 haspas¹
361 1997 400 2056 de
423 1998 543 2059 oanaio.
583 1998 628 2056 De
656 1997 817 2069 Otetinpen
841 1995 1023 2071 (Ettiingen)
1048 1995 1194 2055 similiter.
1234 1996 1268 2053 In

199 2096 1268 2175 MorehetntnpeodebentesseVlnransarii²‚quihaspararedebent.

200 2199 244 2259 De
257 2202 428 2274 Ptrntnpen
442 2202 623 2278 (Bdringen)
637 2202 665 2260 X
677 2200 800 2261 modios
811 2194 1010 2273 leguminum,
1028 2198 1049 2259 C
1064 2200 1156 2270 casei,
1172 2214 1268 2258 unam
1294 2272 1298 2280 .

199 2316 298 2369 ovem,
311 2300 354 2357 IV
366 2300 484 2379 haspas
495 2305 533 2363 de
549 2304 635 2376 silis³‚
646 2302 674 2359 V
685 2302 724 2359 de
736 2302 855 2371 oanaio,
867 2319 962 2363 unum
975 2303 1086 2361 eadum
1098 2301 1137 2360 de
1150 2302 1269 2361 melle.4

200 2403 243 2461 De
260 2403 451 2478 Emphiopen
475 2405 517 2478 (in
542 2405 669 2482 prinoip.
688 2403 916 2480 Sigmaringen)
941 2403 1085 2463 similiter.
1117 2403 1163 2461 De
1179 2402 1269 2462 Pine-

198 2507 285 2579 stors
296 2503 454 2577 (Binsdorf
471 2507 500 2564 in
517 2521 612 2581 regno
626 2505 826 2580 Wsrrttemb.)
845 2506 992 2566 similiter.
1028 2505 1072 2562 De
1096 2505 1268 2579 Waqtnueo

200 2604 388 2681 (Wehingen
413 2607 611 2684 Wirrttemb.)
643 2609 783 2667 similiter
811 2613 842 2666 et
869 2623 961 2666 unam
990 2607 1173 2682 padellam.⁵
1222 2607 1268 2667 De

200 2708 342 2782 iitselinp
366 2709 574 2786 (Deisslingen
590 2710 787 2784 Wiirttemb.)
813 2709 953 2768 similiter
976 2716 1006 2768 et
1029 2710 1057 2769 in
1081 2712 1183 2769 natale
1204 2709 1268 2769 Do-

198 2807 270 2868 mini
296 2809 317 2869 C
340 2810 497 2870 soudeiiae
528 2818 558 2869 et
588 2828 681 2871 unam
706 2826 849 2885 magnam
875 2811 1077 2882 soudeuamt,
1106 2827 1185 2871 vasa
1211 2827 1268 2885 pa·

197 2910 381 2986 rapsidum⁷
403 2917 434 2970 et
460 2912 490 2969 in
514 2915 731 2989 assumptione
756 2913 786 2973 S.
810 2914 928 2972 Mariae
952 2914 974 2972 L
998 2915 1155 2975 seudellas
1178 2922 1209 2973 et
1237 2914 1266 2974 in

198 3029 293 3088 pasoa
317 3011 338 3073 G
361 3014 519 3075 soudelias
543 3021 572 3074 et
595 3016 617 3073 L
639 3016 849 3092 parapsidum.
895 3016 940 3074 De
966 3015 1126 3091 Mertnqen
1145 3017 1267 3091 (Moah-

196 3114 318 3190 ringen)
343 3115 483 3175 similiter
505 3118 584 3177 sieut
608 3117 645 3176 de
669 3118 795 3189 Winpen
813 3115 1017 3193 (Wehingen)
1041 3124 1072 3178 et
1095 3119 1149 3177 ΧΗ
1168 3121 1268 3179 ollas⁸

267 3285 276 3318 ¹
294 3281 373 3347 haspa
390 3307 425 3326 =
441 3283 503 3334 nhd.
523 3282 626 3348 Haspel,
644 3283 687 3334 srz.
707 3281 830 3344 de'vidoir‚
849 3284 917 3348 engl.
934 3284 1024 3349 stapla,
1042 3284 1070 3335 id
1088 3290 1126 3336 est
1146 3300 1268 3336 mensura

197 3366 322 3431 quaedam
342 3368 445 3418 filorum
458 3367 489 3419 de
502 3368 591 3418 oanaso
604 3371 647 3417 aut
664 3367 696 3417 de
714 3365 767 3416 lino
786 3367 963 3430 deductorum,
982 3370 1008 3418 in
1027 3368 1130 3434 vulgari
1148 3385 1267 3422 sermone

196 3448 330 3502 Schnellar
347 3476 382 3494 =
400 3452 471 3504 mille
493 3453 573 3503 cubiti
595 3451 706 3503 filorum.
726 3480 757 3488 —
778 3454 787 3487 ²
812 3454 954 3503 mansorius
972 3477 1007 3495 =
1024 3452 1138 3504 colonus.
1158 3482 1191 3490 -
1210 3457 1221 3491 ³
1238 3453 1267 3505 ld

196 3539 232 3584 est
250 3534 281 3586 de
298 3534 352 3586 lino
371 3536 415 3588 eir.
434 3537 500 3588 inira
511 3536 580 3602 apud
591 3536 763 3590 Honistetten.
781 3565 814 3573 -
834 3543 844 3574 ⁴
860 3537 939 3587 cadus
953 3542 989 3588 est
1007 3551 1128 3588 mensura
1139 3537 1268 3602 quaedam

194 3642 228 3659 =
240 3618 303 3670 nhd.
318 3618 406 3683 Saum,
424 3621 451 3670 in
469 3621 570 3686 vulgari
589 3636 706 3670 sermone
717 3643 752 3662 =
766 3618 835 3670 Som.
853 3649 887 3657 —
907 3626 917 3658 ⁵
935 3621 1039 3686 padella
1050 3622 1095 3673 srz.
1109 3621 1190 3686 poele
1203 3622 1266 3674 nhd.

195 3724 224 3743 =
239 3702 345 3755 Pianne.
364 3734 395 3742 —
416 3709 426 3743 ⁶
444 3703 559 3755 scudella
577 3706 619 3755 srz.
634 3703 747 3763 scutelle,
761 3703 866 3764 aduella,
884 3709 976 3768 patena
988 3706 1115 3771 quaedam
1134 3706 1221 3771 lignea
1232 3729 1268 3750 =

196 3787 257 3837 nhd.
272 3786 404 3841 Sohiissel.
422 3816 456 3827 —
475 3794 485 3826 ⁷
503 3791 618 3854 parapsis
635 3813 669 3831 =
687 3803 724 3852 gr.
740 3785 864 3856 παροψίς.
886 3820 915 3826 -
938 3793 948 3828 ⁸
966 3789 1018 3840 olla
1036 3806 1110 3859 syna.
1129 3807 1160 3841 ex
1179 3791 1267 3843 orcula

194 3894 229 3913 =
246 3873 320 3937 Tops,
339 3875 381 3924 srz.
400 3877 451 3938 poi.
