2768 4552
636 321 844 381 ..76-

207 492 343 551 Iustinae
366 499 518 566 augustae
541 508 644 551 rerum
668 493 805 551 novitate
826 494 942 552 lenivit.
987 493 1051 566 Quo
1074 493 1104 551 in
1130 498 1278 566 tempore,

207 595 288 654 sicut
311 595 403 653 etiam
427 595 456 653 in
480 595 545 653 vita
573 595 671 668 ipsius
694 589 852 654 Ambrosii
879 595 1024 654 scribitur
1039 597 1056 664 ¹,
1078 590 1277 667 antiphonae,

206 696 291 772 ymni
309 703 340 755 ct
358 694 484 769 vigiliae
498 695 528 752 in
546 696 680 755 ecclesia
691 695 917 755 mediolanensi
931 696 1081 756 celebrari
1099 701 1278 771 coeperunt.
1314 740 1330 763 .

206 797 341 857 Hilarius
365 812 490 872 quoque
514 796 716 873 pictaviensis
739 813 852 872 ymnos
882 798 1074 874 composuit²
1098 805 1129 857 ct
1156 796 1195 854 de
1219 797 1279 856 Ge-

206 899 285 959 lasio
315 914 400 977 papa
427 899 585 977 scribitur,
616 900 698 973 quod
730 906 880 962 tractatus
904 908 935 960 et
956 916 1070 977 ymnos
1099 900 1128 958 in
1159 916 1278 958 morem

206 1002 291 1062 beati
319 1001 477 1060 Ambrosii
509 1001 759 1077 composuerit³;
798 1003 954 1062 Damasus
985 1018 1061 1062 vero
1094 1001 1280 1073 constituit,⁴¹

206 1113 239 1166 ut
262 1104 374 1181 psalmi
398 1103 447 1162 die
471 1109 628 1178 noctuque
652 1112 838 1164 canerentur
862 1121 916 1181 por
936 1120 1046 1164 omnes
1060 1103 1213 1163 ecclesias
1228 1104 1280 1161 vel

206 1206 397 1266 monasteria
437 1211 467 1264 et
510 1205 668 1283 praecepit
705 1203 766 1266 hoc
805 1207 962 1282 episcopis
999 1213 1029 1266 et
1074 1204 1279 1281 presbyteris

206 1308 325 1368 Deinde
358 1309 491 1366 loannes
531 1305 889 1385 constantinopolitanus
933 1307 1075 1384 primus5
1116 1306 1204 1365 duxit
1248 1306 1279 1364 in
1357 1366 1362 1375 ,

207 1410 363 1471 nocturnis
391 1409 494 1484 ymnis
525 1410 681 1470 orationes
712 1410 752 1469 ob
781 1408 863 1468 hanc
892 1411 942 1467 vel
972 1409 1107 1468 maxime
1131 1423 1278 1467 oausam:

207 1513 343 1585 „Ariani
364 1516 461 1570 extra
485 1513 639 1572 civitatem
663 1516 812 1574 collectas
836 1513 971 1586 opetum
978 1529 990 1583 ;
1017 1511 1148 1570 subbato
1176 1516 1280 1568 autem

206 1621 300 1687 utque
323 1614 478 1674 dominica
507 1615 591 1673 intra
617 1620 732 1689 portas
763 1619 794 1673 ct
816 1623 902 1689 pera
925 1616 1072 1689 porticus
1095 1615 1282 1685 conprcpatt'

206 1730 313 1790 ymnos
336 1722 366 1775 et
389 1716 578 1790 antiphonas
601 1732 641 1775 ecc
664 1716 776 1775 ariano
794 1717 938 1789 dopmutc
954 1716 1141 1790 compositos
1163 1715 1282 1772 decon-

278 1912 345 1976 ⁸oe‚
364 1930 415 1966 orn.
433 1930 486 1979 per.
506 1913 601 1966 Socral.
625 1914 683 1965 hist.
702 1913 763 1965 eccl.
782 1913 798 1966 l.
817 1914 864 1977 Vl,
883 1929 904 1964 c.
924 1916 938 1966 8
963 1911 1024 1981 περὶ
1047 1912 1095 1970 τὰς
1119 1914 1210 1979 στοὰς
1234 1912 1276 1964 lat.

209 1999 276 2048 circa
294 2000 413 2063 porticus.
1289 2009 1295 2017 '

280 2191 289 2224 ¹
310 2188 367 2237 l'ila
389 2203 409 2238 s.
428 2188 560 2239 Ambrosii
582 2153 683 2238 auctore
705 2186 814 2238 Paulino
837 2186 975 2237 mediolan.
998 2186 1146 2254 presbytero
1169 2188 1200 2248 (c.
1219 2187 1283 2250 422)

208 2271 234 2320 in
262 2287 321 2337 opp.
340 2272 409 2322 A-i
435 2273 501 2324 stud.
529 2279 554 2323 et
579 2271 629 2323 lab.
657 2271 777 2322 monach.
805 2272 859 2323 ord.
887 2288 906 2322 s.
933 2270 1028 2321 Bened.
1056 2269 1127 2320 Paris
1147 2271 1220 2322 1686.
1248 2297 1283 2306 -

210 2354 335 2406 ²Concil.
358 2355 461 2408 toletan.
488 2356 532 2407 IV.
555 2371 622 2406 anno
641 2358 704 2415 633,
731 2371 752 2407 c.
770 2356 823 2405 lllll
844 2355 935 2419 (blansi
959 2359 975 2406 t.
999 2354 1032 2421 X)
1059 2354 1132 2405 dicit:
1166 2353 1283 2415 „nonulli

208 2439 302 2506 hymni
320 2440 435 2491 humano
454 2442 538 2492 studio
557 2443 583 2491 in
601 2440 707 2492 laudem
724 2446 748 2492 et
759 2442 934 2506 apostolorum
947 2444 971 2490 et
983 2444 1125 2505 martyrum
1137 2439 1284 2504 triumphos

208 2527 343 2590 compositi
366 2541 421 2575 esse
445 2531 598 2585 noscuntur,
621 2527 686 2577 sicut
707 2524 750 2587 hi,
775 2540 840 2590 quos
869 2524 1009 2575 beatissimi
1028 2524 1143 2574 doctores
1160 2522 1284 2576 Hilarius

208 2613 283 2673 atque
302 2609 459 2662 Ambrosius
471 2611 632 2662 ediderunt.“
664 2610 713 2662 Cir.
734 2611 894 2671 damur-rint,
908 2609 938 2659 G.
950 2608 987 2672 F„
1006 2609 1016 2657 l
1034 2610 1130 2659 misteri
1147 2625 1161 2659 e
1179 2607 1214 2673 gl'
1227 2611 1285 2659 inni

208 2693 234 2744 di
255 2692 281 2743 S.
300 2693 375 2744 ilario
393 2710 505 2745 vescovo
524 2695 551 2745 di
569 2696 676 2746 Poitiers
689 2701 735 2746 etc.
763 2693 837 2745 Sindi
850 2710 863 2744 e
876 2694 1023 2744 documenti
1035 2695 1061 2743 di
1074 2695 1150 2744 storia
1162 2709 1176 2743 e
1188 2693 1283 2746 diritto.

207 2792 276 2828 anno
296 2779 328 2831 V.
348 2780 421 2841 1884,
442 2795 467 2844 p.
490 2781 519 2832 81
531 2795 586 2846 sqq.
624 2781 712 2839 Idem,
732 2777 767 2830 St.
789 2779 880 2828 Hilarii
905 2783 1024 2829 tractatus
1049 2779 1081 2830 de
1105 2778 1235 2844 mysteriis
1259 2784 1284 2829 et

208 2865 306 2931 Hymni
317 2869 362 2916 eto.
372 2880 404 2915 ex
416 2864 502 2915 codice
515 2867 633 2916 arretino.
653 2866 750 2914 Romae
762 2864 835 2914 1887.
854 2891 887 2900 -
902 2867 913 2902 ³
925 2863 1042 2915 Gelasius
1054 2863 1198 2916 492—496.
1219 2858 1284 2923 „Hic

206 2949 265 3000 iecit
277 2949 309 2999 V.
324 2949 402 3000 libros
415 2950 538 3002 adversus
551 2950 696 3000 Nestorium
712 2955 736 2999 et
749 2947 892 3014 Eutychen]
900 2964 906 3008 ;
919 2949 978 3000 lecit
991 2955 1015 3000 ct
1027 2963 1121 3016 ymnos
1133 2949 1160 2997 in
1175 2947 1284 2998 modum

206 3034 274 3085 beati
292 3035 439 3097 Ambrosii;
459 3037 518 3086 item
537 3035 602 3086 duos
621 3035 700 3087 libros
714 3033 840 3084 adversus
852 3033 973 3096 Arriunr;
992 3035 1050 3084 lecit
1067 3035 1143 3084 etiarn
1163 3038 1187 3082 et
1198 3047 1284 3083 sacra·

208 3125 352 3170 mentorum
371 3120 540 3184 praelationes
559 3126 583 3170 et
602 3121 728 3170 orationes
749 3122 822 3168 cauto
841 3133 958 3169 sermone
976 3124 1000 3170 et
1017 3117 1142 3184 epistulas
1161 3117 1221 3167 iidei
1238 3117 1285 3168 de-

207 3202 295 3255 limato
315 3220 432 3256 sermone
452 3205 568 3255 multasa
606 3204 687 3254 Duch.
707 3203 724 3265 l,
744 3219 769 3267 p.
790 3205 848 3255 255.
893 3202 1160 3255 Pseudo-Gennadius
1179 3200 1286 3253 exhibet

207 3288 274 3339 hanc
294 3292 409 3341 notitiam
434 3291 464 3341 de
484 3289 598 3340 Gelasio:
627 3287 774 3350 ,‚Gelasius,
801 3289 872 3339 urbis
895 3289 992 3340 Romae
1014 3290 1160 3353 episcopus,
1183 3286 1285 3351 scripsit

207 3372 332 3424 adversus
349 3375 466 3442 Eutycen
484 3380 509 3424 et
527 3374 672 3424 Nestorium
691 3373 789 3438 grande
807 3378 830 3422 et
848 3372 1008 3437 praeclarum
1026 3373 1151 3424 volumen
1174 3376 1199 3421 et
1218 3375 1284 3421 trac-

206 3462 272 3508 tatus
292 3459 452 3510 diversarum
477 3459 660 3510 scribturarum
683 3465 707 3509 et
730 3463 946 3508 sacramentorum
966 3456 1087 3507 delimato
1105 3470 1283 3506 sermone...

206 3543 265 3594 iecit
283 3550 307 3594 et
325 3544 439 3612 hymnos
458 3545 486 3593 in
504 3543 700 3593 similitudinem
711 3542 843 3592 Ambrosii
862 3543 998 3607 episcopi.“
1035 3539 1167 3602 Ecltstct'rt,
1185 3539 1226 3591 Fr.
1239 3540 1283 3604 A„

207 3627 374 3690 Quaestiones
393 3628 584 3679 Gennadianae.
613 3627 719 3691 Leipzig
740 3627 812 3679 1881.
832 3657 863 3665 -
884 3633 894 3666 ⁴
913 3628 1039 3678 Damasus
1058 3625 1201 3696 att-3484.
1221 3625 1285 3685 „Hic
1364 3682 1366 3687 ,

206 3715 344 3777 constituit,
364 3720 391 3763 ut
410 3713 525 3778 psalmos
544 3713 585 3763 die
601 3717 730 3778 noctuque
748 3717 898 3763 canerentur
916 3730 961 3778 per
978 3727 1068 3763 omnes
1086 3709 1218 3770 ecclesias;
1238 3696 1284 3776 qui

207 3797 256 3849 hoc
276 3800 404 3864 praecepit
422 3798 567 3862 presbiteris
587 3796 629 3848 vel
647 3797 773 3862 episcopis
785 3801 828 3847 aul
840 3800 1024 3849 monasteriis.“
1055 3793 1135 3845 Duch.
1149 3794 1165 3856 l,
1178 3795 1236 3846 213.
1250 3821 1283 3831 —

207 3889 217 3921 ⁵
235 3885 251 3935 i.
271 3900 293 3934 e.
311 3878 523 3951 Chrysoslomus
