<?xml version="1.0" encoding="UTF-8"?>
<!DOCTYPE html PUBLIC "-//W3C//DTD XHTML 1.0 Transitional//EN"
    "http://www.w3.org/TR/xhtml1/DTD/xhtml1-transitional.dtd">
<html xmlns="http://www.w3.org/1999/xhtml" xml:lang="en" lang="en">
 <head>
  <title>
</title>
<meta http-equiv="Content-Type" content="text/html;charset=utf-8" />
  <meta name='ocr-system' content='tesseract 3.04.00' />
  <meta name='ocr-capabilities' content='ocr_page ocr_carea ocr_par ocr_line ocrx_word'/>
</head>
<body>
  <div class='ocr_page' id='page_1' title='image "./liberdeexordiis00walagoog/liberdeexordiis00walagoog_0087.png"; bbox 0 0 2768 4552; ppageno 0'>
   <div class='ocr_carea' id='block_1_1' title="bbox 576 341 866 400">
    <p class='ocr_par' dir='ltr' id='par_1_1' title="bbox 576 341 866 400">
     <span class='ocr_line' id='line_1_1' title="bbox 576 341 866 400; baseline 0.014 -5"><span class='ocrx_word' id='word_1_1' title='bbox 576 341 866 400; x_wconf 81' lang='lat'>.-64-</span> 
     </span>
    </p>
   </div>
   <div class='ocr_carea' id='block_1_2' title="bbox 186 508 1339 3444">
    <p class='ocr_par' dir='ltr' id='par_1_2' title="bbox 186 508 1339 3444">
     <span class='ocr_line' id='line_1_2' title="bbox 226 508 1297 594; baseline -0.004 -24"><span class='ocrx_word' id='word_1_2' title='bbox 226 527 280 572; x_wconf 87' lang='lat' dir='ltr'>eos</span> <span class='ocrx_word' id='word_1_3' title='bbox 296 512 464 587; x_wconf 85' lang='lat' dir='ltr'>persistere</span> <span class='ocrx_word' id='word_1_4' title='bbox 481 509 595 569; x_wconf 83' lang='lat' dir='ltr'>debere</span> <span class='ocrx_word' id='word_1_5' title='bbox 611 512 639 569; x_wconf 94' lang='lat' dir='ltr'>in</span> <span class='ocrx_word' id='word_1_6' title='bbox 658 509 826 580; x_wconf 85' lang='lat' dir='ltr'>offerendo,</span> <span class='ocrx_word' id='word_1_7' title='bbox 850 510 950 569; x_wconf 88' lang='lat' dir='ltr'>donec</span> <span class='ocrx_word' id='word_1_8' title='bbox 966 510 1071 594; x_wconf 80' lang='lat' dir='ltr'>oblata</span> <span class='ocrx_word' id='word_1_9' title='bbox 1087 510 1125 568; x_wconf 88' lang='lat' dir='ltr'>ad</span> <span class='ocrx_word' id='word_1_10' title='bbox 1142 508 1203 568; x_wconf 91' lang='lat' dir='ltr'>hoc</span> <span class='ocrx_word' id='word_1_11' title='bbox 1226 525 1297 585; x_wconf 89' lang='lat' dir='ltr'>per-</span> 
     </span>
     <span class='ocr_line' id='line_1_3' title="bbox 226 609 1297 686; baseline -0.003 -15"><span class='ocrx_word' id='word_1_12' title='bbox 226 614 362 683; x_wconf 87' lang='lat' dir='ltr'>veniant,</span> <span class='ocrx_word' id='word_1_13' title='bbox 393 613 430 671; x_wconf 88' lang='lat' dir='ltr'>ad</span> <span class='ocrx_word' id='word_1_14' title='bbox 455 612 543 686; x_wconf 77' lang='lat' dir='ltr'>«quod</span> <span class='ocrx_word' id='word_1_15' title='bbox 574 612 680 671; x_wconf 84' lang='lat' dir='ltr'>obtata</span> <span class='ocrx_word' id='word_1_16' title='bbox 709 618 790 672; x_wconf 88' lang='lat' dir='ltr'>sunt.</span> <span class='ocrx_word' id='word_1_17' title='bbox 836 611 897 671; x_wconf 92' lang='lat' dir='ltr'>Sed</span> <span class='ocrx_word' id='word_1_18' title='bbox 929 617 959 670; x_wconf 86' lang='lat' dir='ltr'>et</span> <span class='ocrx_word' id='word_1_19' title='bbox 987 611 1017 669; x_wconf 90' lang='lat' dir='ltr'>in</span> <span class='ocrx_word' id='word_1_20' title='bbox 1043 609 1101 669; x_wconf 92' lang='lat' dir='ltr'>hoc</span> <span class='ocrx_word' id='word_1_21' title='bbox 1126 626 1213 671; x_wconf 86' lang='lat' dir='ltr'>error</span> <span class='ocrx_word' id='word_1_22' title='bbox 1236 627 1297 671; x_wconf 94' lang='lat' dir='ltr'>non</span> 
     </span>
     <span class='ocr_line' id='line_1_4' title="bbox 227 714 1339 790; baseline -0.004 -16"><span class='ocrx_word' id='word_1_23' title='bbox 227 716 368 776; x_wconf 89' lang='lat' dir='ltr'>modicus</span> <span class='ocrx_word' id='word_1_24' title='bbox 390 715 522 786; x_wconf 79' lang='lat' dir='ltr'>videtur,</span> <span class='ocrx_word' id='word_1_25' title='bbox 546 715 626 790; x_wconf 90' lang='lat' dir='ltr'>quod</span> <span class='ocrx_word' id='word_1_26' title='bbox 651 715 774 790; x_wconf 87' lang='lat' dir='ltr'>quidam</span> <span class='ocrx_word' id='word_1_27' title='bbox 800 722 935 789; x_wconf 58' lang='lat' dir='ltr'>putenm,</span> <span class='ocrx_word' id='word_1_28' title='bbox 959 729 994 772; x_wconf 88' lang='lat' dir='ltr'>se</span> <span class='ocrx_word' id='word_1_29' title='bbox 1012 728 1071 771; x_wconf 92' lang='lat' dir='ltr'>non</span> <span class='ocrx_word' id='word_1_30' title='bbox 1096 729 1191 788; x_wconf 85' lang='lat' dir='ltr'>posse</span> <span class='ocrx_word' id='word_1_31' title='bbox 1208 714 1299 773; x_wconf 87' lang='lat' dir='ltr'>aliter</span> <span class='ocrx_word' id='word_1_32' title='bbox 1336 764 1339 769; x_wconf 16' lang='grc' dir='ltr'><strong>Α</strong></span> 
     </span>
     <span class='ocr_line' id='line_1_5' title="bbox 226 814 1299 893; baseline -0.003 -16"><span class='ocrx_word' id='word_1_33' title='bbox 226 819 350 893; x_wconf 83' lang='lat' dir='ltr'><strong>plenam</strong></span> <span class='ocrx_word' id='word_1_34' title='bbox 375 817 699 876; x_wconf 80' lang='lat' dir='ltr'>commemorationem</span> <span class='ocrx_word' id='word_1_35' title='bbox 723 832 832 875; x_wconf 83' lang='lat' dir='ltr'>eorum</span> <span class='ocrx_word' id='word_1_36' title='bbox 859 818 971 879; x_wconf 83' lang='lat' dir='ltr'>iacere.</span> <span class='ocrx_word' id='word_1_37' title='bbox 999 829 1054 890; x_wconf 84' lang='lat' dir='ltr'>pro</span> <span class='ocrx_word' id='word_1_38' title='bbox 1085 816 1199 890; x_wconf 91' lang='lat' dir='ltr'>quibus</span> <span class='ocrx_word' id='word_1_39' title='bbox 1222 814 1299 874; x_wconf 86' lang='lat' dir='ltr'>offe-</span> 
     </span>
     <span class='ocr_line' id='line_1_6' title="bbox 227 915 1298 993; baseline -0.001 -15"><span class='ocrx_word' id='word_1_40' title='bbox 227 926 308 987; x_wconf 84' lang='lat' dir='ltr'>runt,</span> <span class='ocrx_word' id='word_1_41' title='bbox 331 920 389 978; x_wconf 90' lang='lat' dir='ltr'>nisi</span> <span class='ocrx_word' id='word_1_42' title='bbox 413 919 552 992; x_wconf 83' lang='lat' dir='ltr'>singutas</span> <span class='ocrx_word' id='word_1_43' title='bbox 576 919 750 978; x_wconf 76' lang='lat' dir='ltr'>oblationes</span> <span class='ocrx_word' id='word_1_44' title='bbox 776 933 829 992; x_wconf 84' lang='lat' dir='ltr'>pro</span> <span class='ocrx_word' id='word_1_45' title='bbox 856 918 984 992; x_wconf 84' lang='lat' dir='ltr'>singulis</span> <span class='ocrx_word' id='word_1_46' title='bbox 1012 915 1146 975; x_wconf 83' lang='lat' dir='ltr'>offerant</span> <span class='ocrx_word' id='word_1_47' title='bbox 1168 918 1218 975; x_wconf 79' lang='lat' dir='ltr'>vei</span> <span class='ocrx_word' id='word_1_48' title='bbox 1243 933 1298 993; x_wconf 86' lang='lat' dir='ltr'>pro</span> 
     </span>
     <span class='ocr_line' id='line_1_7' title="bbox 226 1015 1299 1091; baseline -0.002 -11"><span class='ocrx_word' id='word_1_49' title='bbox 226 1022 307 1081; x_wconf 84' lang='lat' dir='ltr'>vivis</span> <span class='ocrx_word' id='word_1_50' title='bbox 331 1028 361 1079; x_wconf 86' lang='lat' dir='ltr'>et</span> <span class='ocrx_word' id='word_1_51' title='bbox 383 1021 534 1079; x_wconf 74' lang='lat' dir='ltr'>defunctis</span> <span class='ocrx_word' id='word_1_52' title='bbox 557 1036 617 1079; x_wconf 93' lang='lat' dir='ltr'>non</span> <span class='ocrx_word' id='word_1_53' title='bbox 642 1021 732 1081; x_wconf 90' lang='lat' dir='ltr'>simul</span> <span class='ocrx_word' id='word_1_54' title='bbox 755 1022 922 1080; x_wconf 87' lang='lat' dir='ltr'>aestimant</span> <span class='ocrx_word' id='word_1_55' title='bbox 945 1015 1198 1091; x_wconf 71' lang='lat' dir='ltr'>immotandnmb,</span> <span class='ocrx_word' id='word_1_56' title='bbox 1228 1036 1299 1079; x_wconf 89' lang='lat' dir='ltr'>cum</span> 
     </span>
     <span class='ocr_line' id='line_1_8' title="bbox 226 1123 1298 1198; baseline 0.001 -18"><span class='ocrx_word' id='word_1_57' title='bbox 226 1140 301 1183; x_wconf 84' lang='lat' dir='ltr'>vere</span> <span class='ocrx_word' id='word_1_58' title='bbox 318 1124 463 1194; x_wconf 64' lang='lat' dir='ltr'>semmua</span> <span class='ocrx_word' id='word_1_59' title='bbox 485 1140 579 1183; x_wconf 93' lang='lat' dir='ltr'>unum</span> <span class='ocrx_word' id='word_1_60' title='bbox 604 1140 659 1198; x_wconf 87' lang='lat' dir='ltr'>pro</span> <span class='ocrx_word' id='word_1_61' title='bbox 677 1123 820 1183; x_wconf 89' lang='lat' dir='ltr'>omnibus</span> <span class='ocrx_word' id='word_1_62' title='bbox 837 1127 989 1181; x_wconf 83' lang='lat' dir='ltr'>mortuum</span> <span class='ocrx_word' id='word_1_63' title='bbox 1014 1127 1044 1179; x_wconf 92' lang='lat' dir='ltr'>et</span> <span class='ocrx_word' id='word_1_64' title='bbox 1066 1138 1161 1181; x_wconf 94' lang='lat' dir='ltr'>unum</span> <span class='ocrx_word' id='word_1_65' title='bbox 1185 1137 1298 1195; x_wconf 86' lang='lat' dir='ltr'>panem</span> 
     </span>
     <span class='ocr_line' id='line_1_9' title="bbox 228 1219 1301 1300; baseline 0 -15"><span class='ocrx_word' id='word_1_66' title='bbox 228 1241 301 1285; x_wconf 88' lang='lat' dir='ltr'>esse</span> <span class='ocrx_word' id='word_1_67' title='bbox 317 1233 363 1284; x_wconf 80' lang='lat' dir='ltr'>etc</span> <span class='ocrx_word' id='word_1_68' title='bbox 379 1224 570 1299; x_wconf 79' lang='lat' dir='ltr'>sanguinem,</span> <span class='ocrx_word' id='word_1_69' title='bbox 595 1240 686 1300; x_wconf 90' lang='lat' dir='ltr'>quem</span> <span class='ocrx_word' id='word_1_70' title='bbox 704 1225 891 1283; x_wconf 83' lang='lat' dir='ltr'>universalis</span> <span class='ocrx_word' id='word_1_71' title='bbox 908 1221 998 1283; x_wconf 81' lang='lat' dir='ltr'>offert</span> <span class='ocrx_word' id='word_1_72' title='bbox 1015 1219 1172 1282; x_wconf 84' lang='lat' dir='ltr'>ecclesia.d</span> <span class='ocrx_word' id='word_1_73' title='bbox 1209 1224 1301 1298; x_wconf 78' lang='lat' dir='ltr'>Quod</span> 
     </span>
     <span class='ocr_line' id='line_1_10' title="bbox 229 1322 1301 1401; baseline -0.001 -14"><span class='ocrx_word' id='word_1_74' title='bbox 229 1328 254 1386; x_wconf 91' lang='lat' dir='ltr'>si</span> <span class='ocrx_word' id='word_1_75' title='bbox 285 1329 334 1386; x_wconf 88' lang='lat' dir='ltr'>cui</span> <span class='ocrx_word' id='word_1_76' title='bbox 361 1327 471 1401; x_wconf 84' lang='lat' dir='ltr'>placet,</span> <span class='ocrx_word' id='word_1_77' title='bbox 506 1342 561 1401; x_wconf 85' lang='lat' dir='ltr'>pro</span> <span class='ocrx_word' id='word_1_78' title='bbox 589 1327 720 1399; x_wconf 84' lang='lat' dir='ltr'>singuiis</span> <span class='ocrx_word' id='word_1_79' title='bbox 747 1326 942 1398; x_wconf 78' lang='lat' dir='ltr'>singiliatim⁰</span> <span class='ocrx_word' id='word_1_80' title='bbox 971 1322 1084 1384; x_wconf 81' lang='lat' dir='ltr'>offerre</span> <span class='ocrx_word' id='word_1_81' title='bbox 1115 1341 1170 1398; x_wconf 82' lang='lat' dir='ltr'>pro</span> <span class='ocrx_word' id='word_1_82' title='bbox 1200 1327 1301 1386; x_wconf 91' lang='lat' dir='ltr'>soiius</span> 
     </span>
     <span class='ocr_line' id='line_1_11' title="bbox 228 1427 1301 1501; baseline 0.001 -14"><span class='ocrx_word' id='word_1_83' title='bbox 228 1429 403 1488; x_wconf 87' lang='lat' dir='ltr'>devotionis</span> <span class='ocrx_word' id='word_1_84' title='bbox 427 1427 628 1501; x_wconf 82' lang='lat' dir='ltr'>amplitudine</span> <span class='ocrx_word' id='word_1_85' title='bbox 657 1436 687 1487; x_wconf 92' lang='lat' dir='ltr'>et</span> <span class='ocrx_word' id='word_1_86' title='bbox 716 1429 891 1488; x_wconf 87' lang='lat' dir='ltr'>orationum</span> <span class='ocrx_word' id='word_1_87' title='bbox 920 1427 1135 1501; x_wconf 84' lang='lat' dir='ltr'>augendarum</span> <span class='ocrx_word' id='word_1_88' title='bbox 1164 1428 1301 1488; x_wconf 87' lang='lat' dir='ltr'>delecta-</span> 
     </span>
     <span class='ocr_line' id='line_1_12' title="bbox 227 1516 1302 1606; baseline 0.003 -18"><span class='ocrx_word' id='word_1_89' title='bbox 227 1531 321 1603; x_wconf 87' lang='lat' dir='ltr'>tione,</span> <span class='ocrx_word' id='word_1_90' title='bbox 355 1531 385 1589; x_wconf 91' lang='lat' dir='ltr'>id</span> <span class='ocrx_word' id='word_1_91' title='bbox 419 1530 524 1600; x_wconf 86' lang='lat' dir='ltr'>iaciat,</span> <span class='ocrx_word' id='word_1_92' title='bbox 559 1547 619 1589; x_wconf 92' lang='lat' dir='ltr'>non</span> <span class='ocrx_word' id='word_1_93' title='bbox 655 1536 757 1589; x_wconf 86' lang='lat' dir='ltr'>autem</span> <span class='ocrx_word' id='word_1_94' title='bbox 792 1544 846 1603; x_wconf 82' lang='lat' dir='ltr'>pro</span> <span class='ocrx_word' id='word_1_95' title='bbox 880 1529 974 1587; x_wconf 85' lang='lat' dir='ltr'>stulta</span> <span class='ocrx_word' id='word_1_96' title='bbox 1008 1516 1202 1603; x_wconf 84' lang='lat' dir='ltr'>opinatione,</span> <span class='ocrx_word' id='word_1_97' title='bbox 1238 1547 1302 1606; x_wconf 88' lang='lat' dir='ltr'>qna</span> 
     </span>
     <span class='ocr_line' id='line_1_13' title="bbox 229 1627 1303 1709; baseline 0.002 -19"><span class='ocrx_word' id='word_1_98' title='bbox 229 1627 340 1709; x_wconf 70' lang='lat' dir='ltr'>puceu,</span> <span class='ocrx_word' id='word_1_99' title='bbox 363 1649 457 1691; x_wconf 91' lang='lat' dir='ltr'>unum</span> <span class='ocrx_word' id='word_1_100' title='bbox 481 1631 537 1691; x_wconf 90' lang='lat' dir='ltr'>Dei</span> <span class='ocrx_word' id='word_1_101' title='bbox 561 1638 790 1692; x_wconf 87' lang='lat' dir='ltr'>sacramentum</span> <span class='ocrx_word' id='word_1_102' title='bbox 812 1648 873 1690; x_wconf 91' lang='lat' dir='ltr'>non</span> <span class='ocrx_word' id='word_1_103' title='bbox 899 1646 970 1691; x_wconf 87' lang='lat' dir='ltr'>esse</span> <span class='ocrx_word' id='word_1_104' title='bbox 994 1631 1138 1706; x_wconf 80' lang='lat' dir='ltr'>generale</span> <span class='ocrx_word' id='word_1_105' title='bbox 1161 1633 1303 1692; x_wconf 90' lang='lat' dir='ltr'>medica-</span> 
     </span>
     <span class='ocr_line' id='line_1_14' title="bbox 186 1733 1303 1811; baseline 0.003 -19"><span class='ocrx_word' id='word_1_106' title='bbox 186 1746 193 1757; x_wconf 93' lang='lat'><strong>·</strong></span> <span class='ocrx_word' id='word_1_107' title='bbox 228 1741 374 1794; x_wconf 90' lang='lat' dir='ltr'>mentum.</span> <span class='ocrx_word' id='word_1_108' title='bbox 421 1734 655 1808; x_wconf 82' lang='lat' dir='ltr'>Quodammodo</span> <span class='ocrx_word' id='word_1_109' title='bbox 679 1736 759 1794; x_wconf 88' lang='lat' dir='ltr'>enim</span> <span class='ocrx_word' id='word_1_110' title='bbox 790 1735 819 1792; x_wconf 91' lang='lat' dir='ltr'>in</span> <span class='ocrx_word' id='word_1_111' title='bbox 844 1733 903 1792; x_wconf 88' lang='lat' dir='ltr'>fide</span> <span class='ocrx_word' id='word_1_112' title='bbox 928 1735 1128 1808; x_wconf 75' lang='lat' dir='ltr'>imperfectus</span> <span class='ocrx_word' id='word_1_113' title='bbox 1159 1740 1215 1806; x_wconf 87' lang='lat' dir='ltr'>est,</span> <span class='ocrx_word' id='word_1_114' title='bbox 1249 1736 1303 1811; x_wconf 86' lang='lat' dir='ltr'>qui</span> 
     </span>
     <span class='ocr_line' id='line_1_15' title="bbox 229 1831 1304 1914; baseline 0.004 -21"><span class='ocrx_word' id='word_1_115' title='bbox 229 1841 326 1911; x_wconf 86' lang='lat' dir='ltr'>putat,</span> <span class='ocrx_word' id='word_1_116' title='bbox 351 1835 472 1895; x_wconf 69' lang='lat' dir='ltr'>Deumss</span> <span class='ocrx_word' id='word_1_117' title='bbox 494 1853 554 1896; x_wconf 91' lang='lat' dir='ltr'>non</span> <span class='ocrx_word' id='word_1_118' title='bbox 571 1838 751 1896; x_wconf 82' lang='lat' dir='ltr'>discernere</span> <span class='ocrx_word' id='word_1_119' title='bbox 772 1831 860 1894; x_wconf 85' lang='lat' dir='ltr'>cumh</span> <span class='ocrx_word' id='word_1_120' title='bbox 875 1850 937 1893; x_wconf 90' lang='lat' dir='ltr'>una</span> <span class='ocrx_word' id='word_1_121' title='bbox 958 1835 1104 1910; x_wconf 84' lang='lat' dir='ltr'>petitione</span> <span class='ocrx_word' id='word_1_122' title='bbox 1124 1852 1181 1914; x_wconf 89' lang='lat' dir='ltr'>pro</span> <span class='ocrx_word' id='word_1_123' title='bbox 1197 1838 1304 1897; x_wconf 82' lang='lat' dir='ltr'>multis</span> 
     </span>
     <span class='ocr_line' id='line_1_16' title="bbox 230 1931 1303 2012; baseline 0.001 -17"><span class='ocrx_word' id='word_1_124' title='bbox 230 1943 367 2010; x_wconf 80' lang='lat' dir='ltr'>rogatur,</span> <span class='ocrx_word' id='word_1_125' title='bbox 397 1938 469 2012; x_wconf 91' lang='lat' dir='ltr'>quid</span> <span class='ocrx_word' id='word_1_126' title='bbox 494 1939 541 1997; x_wconf 89' lang='lat' dir='ltr'>cui</span> <span class='ocrx_word' id='word_1_127' title='bbox 567 1938 605 1996; x_wconf 88' lang='lat' dir='ltr'>sit</span> <span class='ocrx_word' id='word_1_128' title='bbox 627 1952 769 2008; x_wconf 84' lang='lat' dir='ltr'>necesse,</span> <span class='ocrx_word' id='word_1_129' title='bbox 799 1937 846 1995; x_wconf 80' lang='lat' dir='ltr'>vei</span> <span class='ocrx_word' id='word_1_130' title='bbox 877 1936 1015 1994; x_wconf 82' lang='lat' dir='ltr'>fastidire</span> <span class='ocrx_word' id='word_1_131' title='bbox 1039 1931 1123 1995; x_wconf 74' lang='lat' dir='ltr'>eumi</span> <span class='ocrx_word' id='word_1_132' title='bbox 1147 1938 1303 2010; x_wconf 87' lang='lat' dir='ltr'>aestimat,</span> 
     </span>
     <span class='ocr_line' id='line_1_17' title="bbox 230 2037 1303 2114; baseline 0.001 -16"><span class='ocrx_word' id='word_1_133' title='bbox 230 2055 301 2099; x_wconf 87' lang='lat' dir='ltr'>oum</span> <span class='ocrx_word' id='word_1_134' title='bbox 325 2040 433 2099; x_wconf 89' lang='lat' dir='ltr'>eadem</span> <span class='ocrx_word' id='word_1_135' title='bbox 459 2040 575 2100; x_wconf 84' lang='lat' dir='ltr'>oblatio</span> <span class='ocrx_word' id='word_1_136' title='bbox 599 2056 679 2097; x_wconf 91' lang='lat' dir='ltr'>nunc</span> <span class='ocrx_word' id='word_1_137' title='bbox 702 2054 757 2114; x_wconf 88' lang='lat' dir='ltr'>pro</span> <span class='ocrx_word' id='word_1_138' title='bbox 783 2054 844 2098; x_wconf 90' lang='lat' dir='ltr'>uno</span> <span class='ocrx_word' id='word_1_139' title='bbox 869 2054 950 2096; x_wconf 92' lang='lat' dir='ltr'>nunc</span> <span class='ocrx_word' id='word_1_140' title='bbox 972 2054 1028 2112; x_wconf 83' lang='lat' dir='ltr'>pro</span> <span class='ocrx_word' id='word_1_141' title='bbox 1045 2039 1105 2096; x_wconf 89' lang='lat' dir='ltr'>aiio</span> <span class='ocrx_word' id='word_1_142' title='bbox 1127 2037 1303 2099; x_wconf 82' lang='lat' dir='ltr'><strong>exhibetur.</strong></span> 
     </span>
     <span class='ocr_line' id='line_1_18' title="bbox 230 2139 1304 2217; baseline 0.003 -18"><span class='ocrx_word' id='word_1_143' title='bbox 230 2141 463 2217; x_wconf 80' lang='lat' dir='ltr'>Praefationem</span> <span class='ocrx_word' id='word_1_144' title='bbox 478 2142 618 2214; x_wconf 79' lang='lat' dir='ltr'>actioniS‚</span> <span class='ocrx_word' id='word_1_145' title='bbox 631 2156 694 2214; x_wconf 91' lang='lat' dir='ltr'>qua</span> <span class='ocrx_word' id='word_1_146' title='bbox 708 2141 811 2215; x_wconf 80' lang='lat' dir='ltr'>popuii</span> <span class='ocrx_word' id='word_1_147' title='bbox 824 2139 956 2199; x_wconf 85' lang='lat' dir='ltr'>affectus</span> <span class='ocrx_word' id='word_1_148' title='bbox 970 2139 1009 2198; x_wconf 92' lang='lat' dir='ltr'>ad</span> <span class='ocrx_word' id='word_1_149' title='bbox 1024 2142 1191 2213; x_wconf 83' lang='lat' dir='ltr'>gratiarum</span> <span class='ocrx_word' id='word_1_150' title='bbox 1205 2143 1304 2203; x_wconf 88' lang='lat' dir='ltr'>actio·</span> 
     </span>
     <span class='ocr_line' id='line_1_19' title="bbox 229 2238 1303 2317; baseline 0.004 -16"><span class='ocrx_word' id='word_1_151' title='bbox 229 2259 286 2302; x_wconf 85' lang='lat' dir='ltr'>nes</span> <span class='ocrx_word' id='word_1_152' title='bbox 316 2245 459 2304; x_wconf 88' lang='lat' dir='ltr'>incitatur</span> <span class='ocrx_word' id='word_1_153' title='bbox 490 2260 526 2303; x_wconf 87' lang='lat' dir='ltr'>ac</span> <span class='ocrx_word' id='word_1_154' title='bbox 556 2242 669 2302; x_wconf 90' lang='lat' dir='ltr'>deinde</span> <span class='ocrx_word' id='word_1_155' title='bbox 698 2241 854 2301; x_wconf 78' lang='lat' dir='ltr'>humanae</span> <span class='ocrx_word' id='word_1_156' title='bbox 888 2238 1088 2302; x_wconf 70' lang='lat' dir='ltr'>devotionisl‘</span> <span class='ocrx_word' id='word_1_157' title='bbox 1116 2245 1303 2317; x_wconf 77' lang='lat' dir='ltr'>supplicatio</span> 
     </span>
     <span class='ocr_line' id='line_1_20' title="bbox 231 2344 1304 2420; baseline 0.001 -16"><span class='ocrx_word' id='word_1_158' title='bbox 231 2344 1304 2420; x_wconf 81' lang='lat' dir='ltr'>caelestiumvntntumtaudionsadmittideposciturvelipsamactio-</span> 
     </span>
     <span class='ocr_line' id='line_1_21' title="bbox 229 2446 1304 2523; baseline 0.002 -18"><span class='ocrx_word' id='word_1_159' title='bbox 229 2464 308 2521; x_wconf 87' lang='lat' dir='ltr'>nem,</span> <span class='ocrx_word' id='word_1_160' title='bbox 326 2463 388 2523; x_wconf 90' lang='lat' dir='ltr'>qua</span> <span class='ocrx_word' id='word_1_161' title='bbox 405 2446 563 2507; x_wconf 83' lang='lat' dir='ltr'>conficitur</span> <span class='ocrx_word' id='word_1_162' title='bbox 579 2454 868 2507; x_wconf 88' lang='lat' dir='ltr'>sacrosanctum</span> <span class='ocrx_word' id='word_1_163' title='bbox 889 2448 1063 2521; x_wconf 82' lang='lat' dir='ltr'>eorporis</span> <span class='ocrx_word' id='word_1_164' title='bbox 1087 2453 1123 2506; x_wconf 86' lang='lat' dir='ltr'>et</span> <span class='ocrx_word' id='word_1_165' title='bbox 1146 2449 1304 2523; x_wconf 84' lang='lat' dir='ltr'>sangui·</span> 
     </span>
     <span class='ocr_line' id='line_1_22' title="bbox 230 2544 1303 2628; baseline 0.002 -20"><span class='ocrx_word' id='word_1_166' title='bbox 230 2551 287 2609; x_wconf 92' lang='lat' dir='ltr'>nis</span> <span class='ocrx_word' id='word_1_167' title='bbox 318 2551 495 2610; x_wconf 91' lang='lat' dir='ltr'>dominici</span> <span class='ocrx_word' id='word_1_168' title='bbox 526 2552 758 2628; x_wconf 83' lang='lat' dir='ltr'>mysterium,</span> <span class='ocrx_word' id='word_1_169' title='bbox 791 2544 962 2624; x_wconf 85' lang='lat' dir='ltr'>quamque¹</span> <span class='ocrx_word' id='word_1_170' title='bbox 986 2550 1115 2608; x_wconf 87' lang='lat' dir='ltr'>Romani</span> <span class='ocrx_word' id='word_1_171' title='bbox 1139 2565 1303 2626; x_wconf 90' lang='lat' dir='ltr'>canonem,</span> 
     </span>
     <span class='ocr_line' id='line_1_23' title="bbox 229 2651 1304 2728; baseline 0.001 -16"><span class='ocrx_word' id='word_1_172' title='bbox 229 2658 264 2712; x_wconf 90' lang='lat' dir='ltr'>ut</span> <span class='ocrx_word' id='word_1_173' title='bbox 285 2653 314 2711; x_wconf 93' lang='lat' dir='ltr'>in</span> <span class='ocrx_word' id='word_1_174' title='bbox 340 2651 569 2728; x_wconf 80' lang='lat' dir='ltr'>pontificatibus</span> <span class='ocrx_word' id='word_1_175' title='bbox 586 2655 711 2728; x_wconf 88' lang='lat' dir='ltr'>saepius</span> <span class='ocrx_word' id='word_1_176' title='bbox 728 2653 891 2722; x_wconf 86' lang='lat' dir='ltr'>iuvenitur,</span> <span class='ocrx_word' id='word_1_177' title='bbox 909 2653 1075 2728; x_wconf 82' lang='lat' dir='ltr'>appellant,</span> <span class='ocrx_word' id='word_1_178' title='bbox 1099 2653 1167 2726; x_wconf 88' lang='lat' dir='ltr'>quis</span> <span class='ocrx_word' id='word_1_179' title='bbox 1184 2653 1304 2728; x_wconf 85' lang='lat' dir='ltr'>primus</span> 
     </span>
     <span class='ocr_line' id='line_1_24' title="bbox 230 2753 1302 2830; baseline 0.003 -17"><span class='ocrx_word' id='word_1_180' title='bbox 230 2753 421 2813; x_wconf 79' lang='lat' dir='ltr'>ordinaverit</span> <span class='ocrx_word' id='word_1_181' title='bbox 449 2756 538 2815; x_wconf 85' lang='lat' dir='ltr'>nobis</span> <span class='ocrx_word' id='word_1_182' title='bbox 567 2757 705 2830; x_wconf 81' lang='lat' dir='ltr'>ignotum</span> <span class='ocrx_word' id='word_1_183' title='bbox 731 2761 785 2813; x_wconf 88' lang='lat' dir='ltr'>est.</span> <span class='ocrx_word' id='word_1_184' title='bbox 831 2758 963 2813; x_wconf 82' lang='lat' dir='ltr'>Auctam</span> <span class='ocrx_word' id='word_1_185' title='bbox 992 2761 1094 2813; x_wconf 89' lang='lat' dir='ltr'>tamen</span> <span class='ocrx_word' id='word_1_186' title='bbox 1119 2754 1216 2815; x_wconf 85' lang='lat' dir='ltr'>tuisse</span> <span class='ocrx_word' id='word_1_187' title='bbox 1239 2759 1302 2817; x_wconf 87' lang='lat' dir='ltr'>non</span> 
     </span>
     <span class='ocr_line' id='line_1_25' title="bbox 230 2857 1304 2934; baseline 0.003 -20"><span class='ocrx_word' id='word_1_188' title='bbox 230 2857 327 2914; x_wconf 91' lang='lat' dir='ltr'>semel</span> <span class='ocrx_word' id='word_1_189' title='bbox 352 2857 408 2914; x_wconf 89' lang='lat' dir='ltr'>sed</span> <span class='ocrx_word' id='word_1_190' title='bbox 434 2859 560 2934; x_wconf 85' lang='lat' dir='ltr'>saepius</span> <span class='ocrx_word' id='word_1_191' title='bbox 584 2876 623 2917; x_wconf 86' lang='lat' dir='ltr'>ex</span> <span class='ocrx_word' id='word_1_192' title='bbox 646 2858 786 2931; x_wconf 81' lang='lat' dir='ltr'>partibus</span> <span class='ocrx_word' id='word_1_193' title='bbox 806 2857 918 2915; x_wconf 89' lang='lat' dir='ltr'>additis</span> <span class='ocrx_word' id='word_1_194' title='bbox 941 2857 1157 2932; x_wconf 79' lang='lat' dir='ltr'>inteliegimuS‚</span> <span class='ocrx_word' id='word_1_195' title='bbox 1182 2857 1257 2933; x_wconf 90' lang='lat' dir='ltr'>quia</span> <span class='ocrx_word' id='word_1_196' title='bbox 1273 2863 1304 2918; x_wconf 87' lang='lat' dir='ltr'>et</span> 
     </span>
     <span class='ocr_line' id='line_1_26' title="bbox 230 2958 1314 3037; baseline 0.003 -22"><span class='ocrx_word' id='word_1_197' title='bbox 230 2958 379 3032; x_wconf 74' lang='lat' dir='ltr'>praefatio</span> <span class='ocrx_word' id='word_1_198' title='bbox 403 2960 432 3017; x_wconf 95' lang='lat' dir='ltr'>in</span> <span class='ocrx_word' id='word_1_199' title='bbox 457 2960 644 3034; x_wconf 85' lang='lat' dir='ltr'>quibusdam</span> <span class='ocrx_word' id='word_1_200' title='bbox 670 2959 757 3016; x_wconf 85' lang='lat' dir='ltr'>sestis</span> <span class='ocrx_word' id='word_1_201' title='bbox 782 2959 868 3016; x_wconf 84' lang='lat' dir='ltr'>aiiter</span> <span class='ocrx_word' id='word_1_202' title='bbox 891 2973 982 3033; x_wconf 92' lang='lat' dir='ltr'>quam</span> <span class='ocrx_word' id='word_1_203' title='bbox 1005 2958 1114 3016; x_wconf 83' lang='lat' dir='ltr'>diebus</span> <span class='ocrx_word' id='word_1_204' title='bbox 1138 2958 1314 3037; x_wconf 32' lang='lat' dir='ltr'>cotidianis,</span> 
     </span>
     <span class='ocr_line' id='line_1_27' title="bbox 230 3059 1301 3135; baseline 0.002 -17"><span class='ocrx_word' id='word_1_205' title='bbox 230 3059 348 3134; x_wconf 84' lang='lat' dir='ltr'>dicitur,</span> <span class='ocrx_word' id='word_1_206' title='bbox 379 3066 409 3120; x_wconf 83' lang='lat' dir='ltr'>et</span> <span class='ocrx_word' id='word_1_207' title='bbox 436 3063 590 3121; x_wconf 82' lang='lat' dir='ltr'>interdum</span> <span class='ocrx_word' id='word_1_208' title='bbox 619 3076 681 3119; x_wconf 91' lang='lat' dir='ltr'>non</span> <span class='ocrx_word' id='word_1_209' title='bbox 710 3061 778 3135; x_wconf 86' lang='lat' dir='ltr'>ipsa</span> <span class='ocrx_word' id='word_1_210' title='bbox 801 3065 944 3132; x_wconf 86' lang='lat' dir='ltr'>mutatur,</span> <span class='ocrx_word' id='word_1_211' title='bbox 974 3061 1029 3119; x_wconf 92' lang='lat' dir='ltr'>sed</span> <span class='ocrx_word' id='word_1_212' title='bbox 1059 3061 1238 3119; x_wconf 86' lang='lat' dir='ltr'>inseruntur</span> <span class='ocrx_word' id='word_1_213' title='bbox 1271 3061 1301 3120; x_wconf 92' lang='lat' dir='ltr'>in</span> 
     </span>
     <span class='ocr_line' id='line_1_28' title="bbox 230 3161 1303 3239; baseline 0.001 -19"><span class='ocrx_word' id='word_1_214' title='bbox 230 3163 329 3223; x_wconf 89' lang='lat' dir='ltr'>medio</span> <span class='ocrx_word' id='word_1_215' title='bbox 354 3164 508 3239; x_wconf 83' lang='lat' dir='ltr'>speciales</span> <span class='ocrx_word' id='word_1_216' title='bbox 525 3161 717 3237; x_wconf 84' lang='lat' dir='ltr'>quarundam</span> <span class='ocrx_word' id='word_1_217' title='bbox 741 3177 842 3220; x_wconf 83' lang='lat' dir='ltr'>renum</span> <span class='ocrx_word' id='word_1_218' title='bbox 859 3162 1177 3220; x_wconf 77' lang='lat' dir='ltr'>cottimemorationes.</span> <span class='ocrx_word' id='word_1_219' title='bbox 1211 3161 1303 3221; x_wconf 78' lang='lat' dir='ltr'>Actio</span> 
     </span>
     <span class='ocr_line' id='line_1_29' title="bbox 229 3264 1304 3338; baseline 0.001 -16"><span class='ocrx_word' id='word_1_220' title='bbox 229 3281 303 3325; x_wconf 82' lang='lat' dir='ltr'>vero</span> <span class='ocrx_word' id='word_1_221' title='bbox 339 3269 407 3326; x_wconf 87' lang='lat' dir='ltr'>sive</span> <span class='ocrx_word' id='word_1_222' title='bbox 442 3283 541 3327; x_wconf 88' lang='lat' dir='ltr'>canon</span> <span class='ocrx_word' id='word_1_223' title='bbox 571 3264 616 3323; x_wconf 71' lang='lat' dir='ltr'>&#39;ex</span> <span class='ocrx_word' id='word_1_224' title='bbox 649 3280 685 3323; x_wconf 91' lang='lat' dir='ltr'>eo</span> <span class='ocrx_word' id='word_1_225' title='bbox 719 3265 915 3338; x_wconf 80' lang='lat' dir='ltr'>cognoscitur</span> <span class='ocrx_word' id='word_1_226' title='bbox 946 3265 1079 3322; x_wconf 84' lang='lat' dir='ltr'>maxime</span> <span class='ocrx_word' id='word_1_227' title='bbox 1111 3279 1164 3338; x_wconf 84' lang='lat' dir='ltr'>pen</span> <span class='ocrx_word' id='word_1_228' title='bbox 1195 3268 1304 3338; x_wconf 87' lang='lat' dir='ltr'>partes</span> 
     </span>
     <span class='ocr_line' id='line_1_30' title="bbox 231 3366 1303 3444; baseline -0.001 -18"><span class='ocrx_word' id='word_1_229' title='bbox 231 3369 431 3444; x_wconf 58' lang='lat' dir='ltr'>compositum</span> <span class='ocrx_word' id='word_1_230' title='bbox 455 3366 539 3443; x_wconf 92' lang='lat' dir='ltr'>quod</span> <span class='ocrx_word' id='word_1_231' title='bbox 557 3366 681 3424; x_wconf 89' lang='lat' dir='ltr'>nomina</span> <span class='ocrx_word' id='word_1_232' title='bbox 697 3371 885 3436; x_wconf 87' lang='lat' dir='ltr'>sanctornm,</span> <span class='ocrx_word' id='word_1_233' title='bbox 909 3381 1041 3440; x_wconf 83' lang='lat' dir='ltr'>quorum</span> <span class='ocrx_word' id='word_1_234' title='bbox 1065 3366 1105 3424; x_wconf 84' lang='lat' dir='ltr'>ibi</span> <span class='ocrx_word' id='word_1_235' title='bbox 1124 3366 1303 3425; x_wconf 86' lang='lat' dir='ltr'>communio</span> 
     </span>
    </p>
   </div>
   <div class='ocr_carea' id='block_1_3' title="bbox 297 3618 1305 3698">
    <p class='ocr_par' dir='ltr' id='par_1_3' title="bbox 297 3618 1305 3698">
     <span class='ocr_line' id='line_1_31' title="bbox 297 3618 1305 3698; baseline -0.001 -13"><span class='ocrx_word' id='word_1_236' title='bbox 297 3636 309 3663; x_wconf 77' lang='lat'><em>²</em></span> <span class='ocrx_word' id='word_1_237' title='bbox 327 3652 366 3696; x_wconf 87' lang='lat' dir='ltr'>oe,</span> <span class='ocrx_word' id='word_1_238' title='bbox 384 3651 435 3685; x_wconf 89' lang='lat' dir='ltr'>om.</span> <span class='ocrx_word' id='word_1_239' title='bbox 454 3638 550 3698; x_wconf 88' lang='lat' dir='ltr'>putant.</span> <span class='ocrx_word' id='word_1_240' title='bbox 568 3663 601 3670; x_wconf 91' lang='lat'><em>-</em></span> <span class='ocrx_word' id='word_1_241' title='bbox 621 3623 633 3660; x_wconf 72' lang='lat' dir='ltr'>b</span> <span class='ocrx_word' id='word_1_242' title='bbox 653 3634 697 3694; x_wconf 89' lang='lat' dir='ltr'>mi,</span> <span class='ocrx_word' id='word_1_243' title='bbox 715 3633 909 3683; x_wconf 83' lang='lat' dir='ltr'>immolandam.</span> <span class='ocrx_word' id='word_1_244' title='bbox 927 3661 961 3669; x_wconf 89' lang='lat'>—</span> <span class='ocrx_word' id='word_1_245' title='bbox 980 3632 990 3659; x_wconf 81' lang='lat'><strong>⁰</strong></span> <span class='ocrx_word' id='word_1_246' title='bbox 1008 3632 1043 3692; x_wconf 85' lang='lat' dir='ltr'>M,</span> <span class='ocrx_word' id='word_1_247' title='bbox 1059 3632 1106 3692; x_wconf 87' lang='lat' dir='ltr'>M¹‚</span> <span class='ocrx_word' id='word_1_248' title='bbox 1124 3648 1161 3684; x_wconf 87' lang='lat' dir='ltr'>ac.</span> <span class='ocrx_word' id='word_1_249' title='bbox 1182 3661 1213 3669; x_wconf 94' lang='lat'>-</span> <span class='ocrx_word' id='word_1_250' title='bbox 1231 3618 1246 3659; x_wconf 86' lang='lat' dir='ltr'>d</span> <span class='ocrx_word' id='word_1_251' title='bbox 1264 3649 1305 3694; x_wconf 88' lang='lat' dir='ltr'>oe,</span> 
     </span>
    </p>
   </div>
   <div class='ocr_carea' id='block_1_4' title="bbox 228 3703 1305 3869">
    <p class='ocr_par' dir='ltr' id='par_1_4' title="bbox 228 3703 1305 3869">
     <span class='ocr_line' id='line_1_32' title="bbox 228 3703 1305 3782; baseline -0.005 -11"><span class='ocrx_word' id='word_1_252' title='bbox 228 3721 334 3771; x_wconf 84' lang='lat' dir='ltr'>ecclesia</span> <span class='ocrx_word' id='word_1_253' title='bbox 352 3720 431 3770; x_wconf 80' lang='lat' dir='ltr'>oiiett.</span> <span class='ocrx_word' id='word_1_254' title='bbox 452 3747 483 3757; x_wconf 91' lang='lat'>-</span> <span class='ocrx_word' id='word_1_255' title='bbox 502 3717 513 3744; x_wconf 64' lang='grc' dir='ltr'>θ</span> <span class='ocrx_word' id='word_1_256' title='bbox 532 3735 569 3780; x_wconf 87' lang='lat' dir='ltr'>oe,</span> <span class='ocrx_word' id='word_1_257' title='bbox 588 3719 746 3782; x_wconf 82' lang='lat' dir='ltr'>singulatim.</span> <span class='ocrx_word' id='word_1_258' title='bbox 766 3747 797 3754; x_wconf 92' lang='lat'>—</span> <span class='ocrx_word' id='word_1_259' title='bbox 818 3703 868 3767; x_wconf 52' lang='grc' dir='ltr'>Ῑ’Μ</span> <span class='ocrx_word' id='word_1_260' title='bbox 876 3722 891 3778; x_wconf 83' lang='lat'>¹,</span> <span class='ocrx_word' id='word_1_261' title='bbox 911 3718 971 3782; x_wconf 83' lang='lat' dir='ltr'>quia</span> <span class='ocrx_word' id='word_1_262' title='bbox 993 3733 1073 3767; x_wconf 94' lang='lat' dir='ltr'>unum</span> <span class='ocrx_word' id='word_1_263' title='bbox 1095 3717 1211 3782; x_wconf 79' lang='lat' dir='ltr'>putati).</span> <span class='ocrx_word' id='word_1_264' title='bbox 1231 3733 1251 3770; x_wconf 81' lang='lat' dir='ltr'>s,</span> <span class='ocrx_word' id='word_1_265' title='bbox 1269 3745 1305 3757; x_wconf 90' lang='lat'>-</span> 
     </span>
     <span class='ocr_line' id='line_1_33' title="bbox 229 3789 1304 3869; baseline -0.002 -13"><span class='ocrx_word' id='word_1_266' title='bbox 229 3806 244 3846; x_wconf 67' lang='grc' dir='ltr'>θ’</span> <span class='ocrx_word' id='word_1_267' title='bbox 262 3822 301 3868; x_wconf 91' lang='lat' dir='ltr'>oe,</span> <span class='ocrx_word' id='word_1_268' title='bbox 320 3805 469 3855; x_wconf 87' lang='lat' dir='ltr'>Dominum.</span> <span class='ocrx_word' id='word_1_269' title='bbox 489 3833 520 3841; x_wconf 89' lang='lat'>-</span> <span class='ocrx_word' id='word_1_270' title='bbox 540 3789 552 3828; x_wconf 70' lang='lat' dir='ltr'>h</span> <span class='ocrx_word' id='word_1_271' title='bbox 572 3820 609 3865; x_wconf 87' lang='lat' dir='ltr'>oe,</span> <span class='ocrx_word' id='word_1_272' title='bbox 623 3804 734 3869; x_wconf 85' lang='lat' dir='ltr'>quando.</span> <span class='ocrx_word' id='word_1_273' title='bbox 754 3834 785 3841; x_wconf 95' lang='lat'>-</span> <span class='ocrx_word' id='word_1_274' title='bbox 805 3791 813 3831; x_wconf 89' lang='lat' dir='ltr'>i</span> <span class='ocrx_word' id='word_1_275' title='bbox 832 3818 853 3863; x_wconf 79' lang='lat' dir='ltr'>c,</span> <span class='ocrx_word' id='word_1_276' title='bbox 872 3802 1041 3854; x_wconf 77' lang='lat' dir='ltr'>fastidiosum.</span> <span class='ocrx_word' id='word_1_277' title='bbox 1060 3832 1092 3839; x_wconf 93' lang='lat'>-</span> <span class='ocrx_word' id='word_1_278' title='bbox 1111 3789 1126 3829; x_wconf 82' lang='lat' dir='ltr'>k</span> <span class='ocrx_word' id='word_1_279' title='bbox 1144 3802 1209 3863; x_wconf 91' lang='lat' dir='ltr'>mlh,</span> <span class='ocrx_word' id='word_1_280' title='bbox 1222 3804 1304 3854; x_wconf 73' lang='lat' dir='ltr'>vecie.</span> 
     </span>
    </p>
   </div>
   <div class='ocr_carea' id='block_1_5' title="bbox 229 3880 521 3958">
    <p class='ocr_par' dir='ltr' id='par_1_5' title="bbox 229 3880 521 3958">
     <span class='ocr_line' id='line_1_34' title="bbox 229 3880 521 3958; baseline -0.003 -14"><span class='ocrx_word' id='word_1_281' title='bbox 229 3880 294 3953; x_wconf 84' lang='lat' dir='ltr'>loe,</span> <span class='ocrx_word' id='word_1_282' title='bbox 313 3908 390 3958; x_wconf 90' lang='lat' dir='ltr'>quam</span> <span class='ocrx_word' id='word_1_283' title='bbox 411 3906 521 3957; x_wconf 86' lang='lat' dir='ltr'>quoque.</span> 
     </span>
    </p>
   </div>
   <div class='ocr_carea' id='block_1_6' title="bbox 0 0 1396 4552">
    <p class='ocr_par' dir='ltr' id='par_1_6' title="bbox 0 0 1396 4552">
     <span class='ocr_line' id='line_1_35' title="bbox 0 0 1396 4552; baseline 0 0"><span class='ocrx_word' id='word_1_284' title='bbox 0 0 1396 4552; x_wconf 95' lang='lat' dir='ltr'> </span> 
     </span>
    </p>
   </div>
  </div>
 </body>
</html>
