2768 4552
581 357 792 418 ..36-

155 528 204 586 vel
234 528 380 587 ornandis
408 528 506 587 saorla
537 526 685 586 aediliciis
716 544 840 588 summa
868 529 1017 589 sanctitas
1045 534 1146 599 esset,
1169 529 1227 588 de-

81 666 86 677 ·
156 631 290 690 buerunt
311 632 481 690 earundem
504 630 726 690 studiosissimi
750 647 854 689 rerum
878 632 955 702 aliis,
979 631 1031 705 qui
1054 630 1158 690 minus
1174 630 1226 691 his

154 733 304 793 iaciendis
327 733 510 802 institerunt,
534 734 713 791 meritorum
742 733 932 808 praeminere
961 733 1113 791 dIstantla.
1159 733 1226 793 Sed

156 835 229 911 quia
258 837 405 911 legimus,
433 836 581 909 Moysen,
603 834 795 894 tabernaculi
819 842 1018 905 structorem,
1047 835 1087 893 ad
1110 850 1226 911 aquam

156 944 262 998 contra
284 936 426 998 dictionis
449 939 632 998 Dominuma
655 935 851 1009 offendisse¹‚
875 945 906 997 et
921 939 1038 998 idcirco
1053 938 1091 996 ad
1107 943 1226 997 terram

155 1040 405 1114 repromissionis
435 1057 495 1100 non
530 1041 728 1116 pervenisse3
765 1040 962 1101 Salomonem
996 1056 1123 1116 quoque
1154 1048 1228 1116 post

155 1143 344 1218 singularem
381 1143 486 1219 templi
526 1143 673 1202 mirabilis
711 1144 936 1215 extructionem
970 1143 1135 1202 mulierum
1175 1158 1225 1202 se·

155 1246 282 1304 ductum
305 1260 412 1303 amore
435 1244 555 1303 Domini
577 1244 746 1303 incurrisse
769 1242 946 1315 offensam2,
968 1246 1052 1304 unde
1076 1251 1107 1305 et
1135 1246 1225 1321 regni

155 1352 287 1406 eatenus
319 1346 395 1406 uniti
429 1348 567 1422 potentia
596 1363 614 1405 a
642 1346 761 1406 semine
789 1348 857 1405 eius
885 1347 1030 1417 discissa,
1065 1348 1095 1406 in
1130 1347 1224 1406 aliam

154 1448 268 1507 tribum
296 1449 470 1524 perniciosa
498 1450 650 1510 divisione
679 1449 789 1524 partim
819 1450 989 1520 concessit,
1012 1449 1224 1523 intellegimus

154 1556 185 1608 et
211 1551 293 1609 omni
319 1554 496 1626 postposita
524 1552 682 1611 dubietate
711 1553 852 1623 latemur,
886 1552 928 1610 ita
960 1553 1224 1611 constructionem

155 1666 315 1711 sacrarum
345 1652 466 1712 aedium
499 1670 538 1712 ex
569 1654 716 1728 religiosa
751 1655 917 1713 devotione
952 1654 1154 1725 laudandam,
1189 1660 1225 1714 ut

154 1759 258 1812 tamen
281 1754 422 1827 virtutes,
439 1772 520 1830 quae
537 1763 610 1815 sunt
626 1756 780 1836 spiritales
798 1763 974 1816 structurae
991 1762 1021 1813 et
1036 1754 1222 1826 animarum,

155 1856 184 1913 in
214 1855 327 1932 quibus
351 1855 434 1916 Deus
462 1856 594 1928 habitat,
622 1865 804 1918 ornamenta
831 1857 994 1935 perennia,
1016 1856 1066 1915 bis
1090 1858 1222 1916 multum

153 1960 318 2038 praelatas,
341 1961 415 2032 quia
441 1968 565 2019 terrena
591 1968 789 2032 ornamenta,
813 1960 1005 2036 quantalibet
1027 1958 1223 2020 formositate

154 2061 323 2136 fingantur,
358 2063 426 2121 sine
459 2061 626 2122 virtutibus
654 2062 718 2122 Deo
751 2063 912 2122 vilescunt.
968 2061 1107 2119 Virtutes
1137 2077 1223 2133 vero,

155 2181 233 2242 quas
261 2171 292 2223 et
314 2164 342 2222 in
371 2164 492 2238 angelis
520 2165 585 2223 suis
615 2164 723 2238 diligit,
752 2164 844 2223 etiarn
869 2164 936 2223 sine
960 2163 1112 2223 materiali
1136 2179 1222 2223 eom-

154 2266 306 2340 posilione
350 2280 476 2340 semper
516 2265 574 2324 sibi
614 2268 734 2340 placere
778 2267 985 2336 demonstrat,
1023 2266 1128 2324 dicens
1167 2282 1223 2340 per

157 2367 327 2427 Michaeam
361 2367 560 2443 prophetam:
595 2368 761 2441 „Indicabo
795 2368 857 2436 tibi,
891 2383 908 2426 c
936 2367 1043 2426 bomo!
1077 2367 1152 2442 quid
1183 2370 1225 2427 sit

154 2473 276 2544 bonnm,
300 2474 332 2528 et
353 2471 427 2542 quid
442 2469 586 2529 Dominus
606 2468 793 2546 quaerotbo
818 2477 863 2529 le:
887 2473 993 2543 utrque
1004 2473 1119 2545 facere
1142 2473 1220 2530 iudi·

153 2575 235 2630 cium
259 2577 290 2630 et
311 2571 442 2643 dlllpere
464 2574 710 2632 misericordiam
734 2575 943 2634 etsollicitom
966 2574 1129 2631 ambulare
1152 2589 1220 2631 cum

157 2675 218 2733 Deo
235 2675 330 2731 lll0.“3
359 2672 449 2731 Unde
466 2675 580 2732 multos
596 2681 777 2736 sanctorum
793 2680 825 2734 et
839 2682 909 2733 ante
926 2690 1016 2732 usum
1033 2675 1221 2750 templorum

153 2792 313 2836 sacrorum
341 2774 407 2834 Deo
437 2777 620 2847 placuisset
654 2777 732 2837 alios
759 2793 849 2847 vero,
878 2781 1043 2851 postquam
1072 2776 1136 2834 Deo
1166 2793 1233 2852 per·

155 2880 223 2938 loca
259 2877 383 2936 diversa
420 2880 597 2938 sanctuaria
634 2886 707 2939 sunt
743 2879 924 2948 constituta,
961 2878 991 2935 in
1026 2877 1158 2938 desertis
1191 2886 1222 2938 et

153 2979 371 3055 squalentibus
392 2980 467 3038 locis
488 2988 714 3042 commorantes
736 2981 852 3040 scimus
870 2979 1071 3055 omnipotenti
1088 2980 1220 3040 Domino

154 3082 231 3142 solis
253 3080 418 3142 virtutibus
442 3082 602 3144 militasse.

222 3317 234 3345 ²
252 3333 285 3380 m,
306 3317 413 3368 Domini.
427 3346 458 3354 -
473 3303 485 3343 t
504 3317 549 3380 Ml,
563 3319 673 3382 requirat
682 3323 709 3367 ut
718 3317 794 3367 habet
806 3316 884 3381 Vulg.
896 3315 952 3353 -0
970 3333 1008 3379 oc,
1021 3315 1148 3381 placuisse
1158 3317 1221 3370 Deo.

217 3459 281 3463 ..—
307 3460 579 3465 -Q—„-—.
592 3458 687 3463 —.-—
728 3458 832 3463 ss—-—
858 3459 876 3461 m
893 3459 897 3462 .
912 3458 947 3462 —
974 3458 1107 3462 -..-,-.
1137 3458 1222 3466 ..-

226 3543 233 3576 ¹
251 3539 328 3591 Num.
346 3540 453 3604 XX,12,
468 3543 507 3592 13.
528 3569 559 3578 -
582 3542 593 3576 ²
611 3539 642 3587 lll
654 3537 716 3602 Reg.
730 3537 769 3601 XI,
784 3541 863 3602 lsqq.
882 3565 915 3573 -
934 3540 944 3574 ³
963 3536 1038 3590 llich.
1057 3538 1099 3599 Vl,
1113 3539 1136 3590 8.
