2768 4552
649 339 857 397 ..44-

222 509 427 585 perniciosum
459 507 551 569 huius
584 509 679 583 pestis
707 525 832 584 germen
863 509 1054 568 revirescere
1087 486 1182 566 luerit
1205 523 1292 566 com-

222 612 403 688 probatum,
437 625 582 670 mucrone
623 610 753 684 spiritali
786 611 934 670 radicitus
974 618 1023 669 est
1055 610 1292 685 amputandum,

223 716 304 775 illum
336 715 404 774 dico
436 731 589 782 errorem,
620 729 680 790 quo
712 712 858 787 quidama
880 712 951 786 agni
975 727 1086 771 carues
1115 712 1143 770 iu
1169 710 1293 786 pascha

221 818 309 877 iuxta
336 819 387 876 vel
419 817 476 876 sub
508 816 596 875 altari
629 830 683 873 eas
716 820 866 887 ponentes
906 814 1123 874 benedictione
1164 816 1293 888 propria

223 918 448 980 consecrabant
485 925 515 977 et
545 920 575 976 in
604 918 673 993 ipsa
712 916 947 976 resurrectionis
984 916 1033 975 die
1065 921 1138 977 anto
1168 921 1290 975 ceteros

223 1022 400 1096 corporales
423 1020 510 1080 cibos
534 1019 664 1094 deipsis
681 1018 824 1078 carnibus
846 1016 1065 1092 percipiebant,
1090 1018 1177 1076 cuius
1194 1017 1290 1077 bene·

223 1123 365 1183 dictionis
393 1121 491 1180 series
522 1120 625 1180 adhuc
648 1137 667 1180 a
690 1121 792 1182 multis
822 1119 965 1179 habetur.
1012 1119 1098 1193 Quod
1130 1120 1291 1195 quamsit

223 1240 452 1302 supervacuum
476 1230 506 1280 et
529 1238 548 1281 a
571 1223 771 1282 sacramentis
794 1222 982 1281 christianae
1006 1222 1204 1296 perfectionis
1235 1223 1291 1283 ab·

223 1327 373 1397 horrens,
415 1324 503 1383 facile
537 1325 686 1401 perspicit
724 1327 775 1400 qui
815 1324 968 1383 veraciter
1004 1324 1167 1400 intellegit,
1206 1324 1290 1400 quod

222 1431 364 1504 „pescia
379 1433 516 1487 nostruin
532 1429 705 1486 immolatus
718 1434 763 1486 est
775 1425 939 1500 Christum,
954 1431 985 1484 et
998 1410 1064 1485 vult
1079 1426 1198 1500 epulari
1212 1444 1292 1500 „non

223 1535 253 1590 in
271 1534 428 1606 fermento
451 1531 558 1605 reteri,
580 1530 635 1587 sed
653 1532 683 1588 in
701 1532 817 1604 azymis
840 1530 1030 1588 sinceritatis
1054 1535 1084 1586 et
1106 1528 1291 1587 veritatis.“1

715 1888 789 1959 XX.

305 2039 381 2108 hon
409 2038 449 2107 nb
476 2040 553 2108 eliis
580 2061 675 2130 qnnrn
702 2063 723 2108 e
750 2041 872 2108 ieiunis
897 2039 1207 2108 cornmnnienndnrn.

287 2225 353 2284 Hoc
376 2240 502 2300 quoque
519 2228 823 2286 commemorandum
840 2226 971 2300 videtur,
996 2225 1077 2299 quod
1100 2225 1169 2299 ipsa
1184 2239 1291 2302 sacra-

224 2334 329 2386 menta
353 2326 476 2402 quidam
501 2326 653 2386 interdum
676 2328 781 2399 ieiuni,
805 2323 959 2386 interdum
983 2327 1088 2401 pransi
1111 2328 1291 2401 percepisse

225 2431 377 2503 leguntur,
401 2434 434 2485 ut
456 2429 567 2504 legitur
591 2431 618 2487 in
643 2428 811 2489 canonibus
841 2428 960 2488 concilii
984 2424 1129 2487 africanib
1152 2428 1290 2502 capitulo

224 2531 292 2589 Vlll
315 2529 364 2588 his
387 2529 508 2588 verbis:
532 2538 584 2601 „nt
604 2537 804 2590 recremento
827 2534 939 2591 alteris
961 2549 1022 2591 non
1049 2533 1108 2589 nisi
1134 2548 1153 2588 o
1181 2530 1291 2588 ieiunis

148 2707 152 2713 ὅ
225 2632 394 2691 horninibus
422 2633 635 2703 celebrentur,
662 2639 793 2708 excepto
816 2651 876 2695 uno
899 2635 948 2693 die
972 2633 1205 2702 anniversario,
1231 2647 1291 2704 qno

226 2750 326 2793 coeno
348 2733 469 2792 Domini
492 2735 711 2792 celebrntnr“2
733 2742 763 2793 et
785 2736 915 2811 reliqua.
960 2736 1012 2793 lsti
1030 2734 1154 2809 quidem
1178 2749 1215 2792 eo
1241 2733 1291 2791 die

227 2843 299 2911 post
325 2834 486 2908 prandium
512 2836 804 2897 communicandum
829 2855 901 2900 esse
925 2837 1108 2905 censebant,
1133 2835 1206 2909 quia
1229 2834 1291 2893 Do·

225 2939 327 2996 minus
351 2943 422 3012 post
443 2936 554 3010 legalis
577 2935 715 3012 paschae
739 2955 869 2999 caenam
893 2941 964 2999 novi
982 2939 1159 2997 testamenti
1184 2951 1292 2996 sacra-

225 3045 330 3099 menta
353 3039 462 3112 legitur
486 3038 646 3111 discipulis
662 3041 836 3101 tradidisse.
874 3042 936 3100 Alii
957 3056 1032 3099 vero
1054 3046 1139 3098 secta
1155 3038 1290 3113 quadam

226 3140 376 3216 singulari
401 3154 461 3198 non
486 3141 582 3198 semel
605 3141 634 3198 in
659 3157 740 3200 anno
764 3144 845 3201 sicut
865 3144 1052 3216 superiores,
1076 3140 1133 3199 sed
1150 3138 1291 3198 crebrius

226 3249 296 3302 ante
321 3249 585 3301 sacramentorum
609 3245 838 3321 perceptionem
869 3244 944 3303 cibis
974 3241 1184 3316 corporalibus
1208 3241 1292 3300 refici

226 3344 341 3406 debere
362 3343 549 3416 iudicantes,
578 3325 649 3420 post
671 3341 805 3420 prandia
834 3351 864 3403 et
891 3345 1113 3420 plenitudinem
1137 3343 1292 3404 stomachi

226 3447 317 3522 quasi
342 3446 567 3507 confirmaturic
590 3447 688 3506 sacris
716 3447 811 3506 rebus
842 3447 1061 3506 necessitatem
1091 3441 1291 3520 corporeamd

293 3611 343 3662 ac.
368 3612 480 3677 quidem.
507 3642 539 3650 -
568 3599 656 3663 bS.G.
683 3610 759 3663 habet
790 3613 897 3663 concilio
925 3615 1045 3664 africano.
1079 3642 1109 3648 —
1138 3611 1209 3673 coe,
1232 3627 1292 3662 con·

225 3698 327 3746 firmati.
344 3726 378 3733 -
396 3683 410 3724 ‘¹
428 3714 466 3757 oe,
484 3697 633 3748 necessitate
651 3710 780 3760 corporea.

298 3820 306 3854 ¹
324 3816 333 3864 Ι
351 3815 406 3867 Cor.
424 3817 456 3879 V,
470 3819 492 3878 Ι,
506 3784 727 3866 as-‘TC—oncn.
746 3814 905 3880 hipponense
923 3831 981 3867 anu.
1001 3819 1049 3868 393
1067 3831 1122 3867 ean.
1135 3817 1175 3868 28.
1210 3815 1294 3865 Mansi

224 3905 239 3951 t.
253 3899 291 3962 ΙΙΙ,
303 3903 360 3953 923.
