2768 4552
542 329 748 388 „77-

109 500 235 570 tabant;
258 505 288 557 et
310 499 370 557 iroc
393 499 530 557 munima
553 500 653 557 noctis
670 504 769 573 parte
782 499 938 572 facientes
954 498 1092 556 diluculo
1109 513 1179 556 cum

109 603 182 677 ipsis
205 601 383 675 antiphonis
409 617 468 674 per
496 601 625 660 mediam
656 601 809 659 ciuitatem
840 601 958 672 eprcssi
981 605 1110 674 portam
1139 600 1182 657 ad

108 720 195 762 suurn
224 703 386 760 ecclesiam
420 703 659 761 concurrebant.
709 703 842 775 Cumque
870 701 930 761 ltoc
954 701 1066 761 crebro
1090 702 1182 774 quasi

71 795 80 815 '⁶
110 806 154 864 od
186 805 444 878 vituperationem
484 805 730 863 orthodoxorum
764 805 879 877 fucere
918 819 976 862 non
1012 811 1180 870 cessarent,

106 909 294 982 frequenter
318 907 397 963 enim
421 908 515 965 ctiam
538 907 598 968 too
623 906 809 967 cantabant:
831 906 885 964 ubi
898 912 977 982 sunt,
1002 907 1055 980 qui
1077 906 1183 963 dicunt

111 1011 213 1067 trinaa
240 1008 353 1066 uirtute
382 1009 503 1076 unum1‚
539 1012 612 1066 tunc
640 1008 788 1075 Ioannes,
823 1024 860 1065 nc
891 1009 1046 1081 simplices
1079 1007 1182 1066 ituius-
1226 1057 1229 1064 .

111 1111 194 1170 modi
221 1109 364 1170 cantibus
392 1110 608 1179 traicerentur,
638 1111 770 1168 instituit
796 1125 882 1167 suum
908 1111 1074 1183 populum,
1097 1115 1131 1168 ut
1152 1114 1183 1167 et

110 1214 170 1287 ipsi
202 1212 363 1270 nocturnis
396 1216 630 1285 occuparentur
659 1213 772 1287 ymnis,
807 1216 958 1283 priatenus
988 1219 1022 1274 ,et
1057 1214 1182 1270 iliorum

111 1316 338 1373 obscuraretur
348 1329 424 1387 opus
437 1320 467 1371 et
475 1315 615 1384 fidelium
623 1300 780 1387 professio
791 1311 1024 1383 armaretur.“2
1040 1309 1182 1369 Studium

112 1431 186 1490 ergo
217 1415 343 1473 loannis
374 1414 463 1472 nimis
492 1415 581 1483 utile,
614 1431 682 1472 cum
712 1414 805 1473 turba
833 1415 1040 1490 periculisque
1063 1412 1183 1472 finitum

112 1523 168 1576 est.
212 1516 298 1575 Haec
327 1517 356 1574 in
388 1515 508 1576 decimo
537 1517 615 1576 libro
644 1515 792 1575 historiae
824 1516 1071 1589 ecclesiasticae,
1102 1530 1183 1590 quae

111 1620 266 1694 tripartita
290 1616 414 1689 dicitur,
441 1619 484 1676 ita
512 1614 677 1684 t'erunturb,
701 1618 833 1693 quibusC
857 1626 887 1679 et
909 1618 970 1678 hoc
994 1618 1185 1678 subnectitur

113 1721 207 1795 paulo
229 1719 373 1779 inferius:
400 1720 589 1792 „Dicendum
615 1727 716 1780 tamen
732 1728 785 1790 cst,
808 1722 890 1780 unde
905 1723 1034 1795 sumpsit
1056 1721 1184 1790 initium,

112 1829 147 1880 ut
169 1824 199 1880 in
222 1824 357 1902 ecclesia
373 1824 564 1897 antiphonae
580 1824 802 1882 decantentur:
823 1823 972 1896 Ipnatius,
996 1823 1185 1882 Antiochiae

114 1924 228 1999 Syriae
251 1927 359 1983 tertius
377 1931 452 1998 post
474 1926 646 1999 apostolum
670 1925 793 1983 Petrum
819 1926 991 1998 episcopus,
1015 1924 1070 1998 qui
1091 1925 1183 1982 etiam

113 2042 182 2085 cum
216 2028 289 2100 ipsis
322 2027 456 2100 depebot
493 2028 654 2101 apostolis,
695 2026 771 2085 uidit
809 2027 992 2097 nupciarum
1029 2027 1183 2094 visionem,

114 2128 265 2199 quomodo
282 2124 364 2202 perd
387 2131 575 2203 antiphonas
596 2135 727 2186 sanctae
751 2129 886 2187 trinitati
902 2127 1046 2186 dicebant
1068 2143 1184 2202 pmnos,

113 2230 200 2302 isque
241 2231 363 2288 modum
405 2232 529 2290 visionis
571 2230 785 2289 antiochenae
827 2231 992 2288 tradidisse
1022 2230 1185 2304 probatur

114 2331 268 2390 ecciesiae
284 2336 314 2389 et
329 2350 369 2390 eu
385 2333 444 2392 ltoc
461 2332 504 2390 ud
518 2338 649 2392 cunctas
665 2333 812 2391 transicit
827 2329 1028 2392 ecclesius.“³
1071 2329 1186 2388 Notan-

115 2432 190 2491 dum
213 2438 328 2505 autem,
351 2448 467 2507 ymnos
491 2434 550 2493 dici
573 2450 632 2493 non
656 2440 786 2505 tantum,
810 2434 861 2508 qui
878 2434 984 2492 metris
999 2433 1049 2491 vel
1065 2431 1186 2492 rithmis

116 2533 293 2605 decurrunt,
325 2536 435 2610 quales
465 2542 711 2611 composuerunt
739 2534 923 2595 Anthrosius
959 2543 1005 2594 et⁰
1039 2530 1186 2604 Hilarius,

61 2639 64 2649 '
116 2635 203 2695 Beda
238 2638 412 2714 Anglorum
457 2633 640 2714 presbyteris
679 2646 709 2697 et
748 2638 933 2697 Prudentius
967 2635 1187 2716 Hispaniarum

118 2740 303 2798 scolasticus
321 2746 352 2798 et
374 2740 424 2798 alii
446 2740 542 2809 multi,
566 2757 675 2799 verum
699 2741 793 2799 etiam
817 2744 958 2798 caeteras
981 2741 1187 2810 laudationes,

119 2856 199 2915 quae
223 2841 329 2901 verbis
361 2841 617 2900 convenientibus
642 2848 672 2900 et
695 2842 781 2901 sonis
813 2842 954 2900 dulcibus
978 2842 1186 2916 proteruntur3

117 2943 199 3001 unde
231 2951 261 3003 et
288 2946 366 3005 liber
393 2945 584 3018 psalmorum
618 2944 701 3018 apud
731 2942 892 3002 Hebraeos
916 2945 994 3001 liber
1023 2959 1187 3020 ymnorum

118 3053 257 3105 vocatur.
303 3047 341 3106 Et
364 3047 508 3122 quamvis
532 3047 562 3104 in
587 3045 777 3119 quibusdam
801 3045 940 3104 ecclesiis
962 3045 1047 3120 ymni
1071 3044 1187 3104 metrici

118 3161 180 3205 non
214 3156 391 3218 cantentur,
421 3154 524 3208 tamen
554 3149 584 3206 in
613 3147 758 3207 omnibus
787 3148 950 3222 generales
972 3147 1067 3222 yntni,
1090 3148 1190 3207 idest

118 3249 228 3308 laudes
252 3251 403 3310 dicuntur.
449 3249 625 3309 Cantandos
649 3251 742 3309 etiam
765 3251 849 3322 illm,
872 3251 924 3325 qui
947 3249 1081 3324 legitime
1106 3264 1189 3308 com-

118 3357 289 3424 ponuntur,
318 3355 448 3413 toletani
470 3353 620 3412 autoritas
644 3352 763 3411 concilii
786 3352 937 3411 ostendite
960 3350 1038 3409 inter
1060 3351 1121 3409 alia
1145 3352 1190 3410 sic

187 3484 200 3510 ‘²
217 3501 255 3547 oe,
274 3486 328 3535 tria.
355 3501 388 3522 ·—
415 3474 484 3548 boe,
502 3487 655 3535 inseruntur.
682 3512 714 3521 -—
742 3483 809 3548 coe,
829 3482 975 3549 inquibus.
999 3468 1064 3519 ——d

165 3597 221 3620 .—
241 3567 253 3594 θ
272 3586 310 3631 oe,
328 3585 378 3620 orn.
398 3575 429 3621 et.
449 3598 479 3606 -
499 3555 563 3631 fiiis,
583 3573 660 3633 pater.

1082 3498 1119 3545 oe,
1138 3499 1190 3535 om.

193 3726 201 3757 ¹
220 3721 327 3773 Graece:
341 3725 392 3772 ποῦ
407 3721 470 3774 εἰσὶν
484 3721 508 3772 οἱ
521 3720 646 3791 λέγοντες
659 3720 693 3772 τὰ
706 3720 766 3789 τρία
780 3719 840 3787 μίαν
854 3718 972 3790 δύναμιν.
991 3753 1022 3760 -
1044 3721 1190 3785 ²Socrates,

121 3805 183 3857 Hist.
202 3807 264 3857 eccl.
283 3807 299 3858 l.
319 3808 361 3870 Vl,
380 3823 419 3871 cp.
438 3809 461 3858 8.
492 3838 521 3844 -
548 3805 675 3857 ³Socrat.
693 3806 709 3855 l.
728 3821 749 3856 c.
775 3834 806 3842 —
832 3805 955 3858 ⁴C0ncil.
974 3807 1043 3858 tolet.
1062 3807 1104 3856 lV.
1123 3822 1190 3856 antro

120 3892 169 3942 633
188 3891 346 3943 celebratum
365 3906 419 3941 can.
438 3891 499 3943 Xlll.
536 3891 585 3943 Cir.
604 3907 660 3956 sup.
679 3906 738 3956 pag.
758 3891 798 3953 76,
816 3896 876 3940 nota
895 3894 917 3942 2.
