2768 4552
611 353 822 412 ..18-

183 529 306 586 luceant
329 526 357 584 iu
382 528 465 585 aere,
509 526 585 600 Quia
607 541 681 586 vero
705 526 829 600 longum
846 532 902 599 est,
926 527 1065 602 singulas
1088 544 1248 591 sacrarum

183 629 303 688 aedium
321 635 426 704 partes
442 628 626 704 exponendo
643 643 831 703 percurrere,
849 630 1004 704 multiplex
1024 636 1073 690 est
1094 632 1193 690 enima
1216 633 1247 692 in

181 736 227 793 eis
254 748 354 808 aeque
382 738 415 790 ut
443 733 472 791 in
498 731 629 790 caeteris
653 730 816 791 structuris
839 732 997 791 nominum
1021 740 1052 791 et
1074 734 1248 807 specierum

180 835 361 908 diversitas;
384 833 537 895 sulliciaut
558 833 638 892 haec
651 832 688 890 de
705 833 960 893 eminentioribus
978 852 1084 895 earum
1106 837 1247 911 partibus

179 940 272 999 dicta.
310 939 358 997 Ad
376 943 498 996 caetera
513 950 594 1011 quae
617 941 737 994 restant
760 951 814 1010 per
836 934 916 996 haec
936 939 1026 1014 sigua
1047 939 1245 1012 ingressuum

180 1042 296 1103 lacilior
320 1039 467 1100 studiosis
492 1039 610 1115 patebit
631 1037 784 1096 introitus.

609 1244 810 1251 ‘—

671 1414 742 1482 Vll.

328 1564 496 1670 Quomodo
522 1584 681 1653 theotisce
708 1541 821 1652 aomar
846 1583 915 1651 Dei
939 1584 1085 1653 dicutur.

234 1788 340 1847 Dicam
365 1792 468 1845 temen
485 1784 578 1843 etiam
594 1787 767 1845 secundum
785 1792 922 1845 nostram
945 1786 1138 1855 barbariem,
1157 1805 1237 1864 quae

82 1944 88 1955 .
170 1897 220 1952 est
248 1889 410 1963 theotisca,
442 1904 502 1965 quo
533 1887 657 1948 nomine
687 1888 796 1946 eadem
821 1889 930 1949 domus
953 1889 1007 1948 Dei
1032 1890 1237 1966 appellaturi,

168 1995 297 2055 ridiculo
332 1994 450 2052 iuturus
486 1991 595 2064 latinis,
630 1992 656 2049 si
689 1992 739 2065 qui
773 1990 850 2051 lorte
884 1991 964 2050 haec
1000 1993 1150 2066 legerint}
1185 1994 1238 2068 qui

169 2091 281 2155 velimd
304 2094 463 2154 simiarum
487 2096 635 2154 informes
659 2101 748 2153 natos
774 2095 853 2154 inter
875 2099 1097 2168 augustorum⁰
1120 2097 1238 2157 liberos

168 2206 357 2273 coutputare.
414 2193 537 2255 Scimus
570 2202 671 2255 tamen
707 2202 738 2254 et
770 2195 941 2265 Salomoni,
978 2198 1029 2272 qui
1068 2199 1096 2256 in
1131 2201 1237 2259 multis

165 2308 275 2378 typum
301 2300 398 2375 gessit
416 2299 535 2360 Domini
558 2300 734 2367 salvatoris
758 2299 836 2357 inter
859 2313 998 2372 pavones
1014 2300 1122 2358 simias
1137 2301 1235 2361 luisse

167 2405 319 2475 delatas¹;
355 2398 410 2475 ets,
444 2400 593 2460 Dominus
625 2401 678 2477 qui
712 2402 812 2477 pascit
840 2401 1009 2470 columbas,
1043 2402 1098 2458 dut
1131 2419 1234 2462 escum

159 2509 258 2583 pullis
280 2521 445 2564 corvorum
468 2505 681 2563 invocantibus
705 2503 812 2561 eum.2·
842 2503 960 2579 Legant
982 2519 1055 2577 ergo
1082 2505 1180 2562 nostri
1204 2512 1234 2564 et

165 2608 246 2668 sicut
280 2607 440 2682 religione,
479 2606 524 2665 sic
558 2621 684 2680 quoque
715 2605 887 2665 rationabili
922 2606 1076 2665 locutione
1111 2623 1167 2665 nos
1201 2609 1232 2666 iu

165 2711 268 2769 multis
290 2726 398 2769 veram
421 2708 534 2767 imitari
555 2709 743 2767 Graecorum
768 2715 797 2765 et
818 2708 1027 2768 Romanorum
1047 2709 1234 2782 intellegant

163 2811 400 2886 philosophiam.
459 2811 573 2870 Multae
610 2825 661 2868 res
700 2817 773 2870 suut
807 2811 890 2886 apud
928 2812 1067 2884 singulas
1111 2818 1229 2886 gentes,

163 2931 295 2990 quarum
317 2914 443 2972 nomina
459 2919 529 2971 aute
545 2913 748 2988 cognitionem
774 2914 911 2989 ipsarum
926 2929 1028 2971 rerum
1053 2915 1135 2989 apud
1152 2915 1230 2974 alias

161 3015 318 3091 incognita
340 3022 425 3088 suut;
456 3016 562 3091 sicque
585 3014 618 3073 iit
641 3013 833 3090 saepissime,
862 3023 896 3075 ut
926 3031 1025 3073 rernm
1051 3014 1227 3074 intellectus

160 3119 211 3178 alii
235 3119 274 3177 ab
304 3118 371 3176 aliis
400 3118 607 3190 addiscentes,
635 3117 760 3176 nomina
788 3131 914 3190 quoque
944 3124 974 3176 et
1000 3117 1228 3192 appellationes

160 3236 266 3280 aarum
290 3221 340 3278 vel
363 3221 481 3293 integre
504 3223 553 3279 rel
584 3225 727 3294 corrupte
753 3235 821 3279 cum
853 3234 936 3278 nova
965 3220 1173 3294 intellegentia
1197 3222 1227 3279 iu

159 3339 247 3383 suam
272 3323 492 3398 proprietatem
521 3322 658 3395 trahant3
689 3329 722 3379 ut
745 3322 782 3380 ab
807 3321 955 3380 Hebraeis
980 3321 1098 3391 Graeci,
1126 3323 1225 3381 Latini

158 3433 188 3484 et
204 3424 333 3484 Barbari
350 3442 449 3500 umen,
473 3428 601 3485 alleluiu
619 3431 648 3482 et
665 3440 783 3483 osanna
798 3424 929 3483 mutuati
945 3433 1026 3483 sunt.
1054 3429 1081 3482 A
1099 3425 1225 3484 Graecis

157 3527 253 3586 Latini
270 3534 435 3604 alumnas,
452 3528 503 3604 qui
522 3529 605 3586 libris
622 3527 784 3585 latinorum
803 3533 833 3586 et
849 3527 952 3600 lingua
968 3534 1106 3605 utuntur,
1124 3529 1223 3587 ercle-

223 3692 290 3757 aoe,
309 3711 360 3746 om.
379 3697 457 3746 enim.
474 3725 508 3732 -
528 3683 539 3722 ¹³
559 3710 597 3755 oe,
616 3693 766 3758 appellatur.
785 3725 816 3733 -
835 3693 846 3721 ⁰
864 3710 898 3757 m,
918 3696 1035 3758 tegerint.
1054 3723 1085 3731 -
1104 3684 1118 3720 ‘¹
1137 3692 1172 3745 Sl.
1192 3693 1220 3744 G.

153 3784 178 3832 el
196 3779 242 3841 lll1‚
260 3779 355 3830 habent
372 3780 463 3839 velim;
482 3797 519 3842 oe,
538 3778 625 3829 velint.
643 3809 677 3816 -
695 3792 706 3819 θ
726 3795 758 3842 m,
777 3785 952 3844 angustorum.
974 3809 1005 3817 -
1024 3764 1035 3806 f
1052 3796 1084 3840 m,
1103 3780 1133 3829 ei.

159 3931 731 3997 ‹mmmmm-wmme
