2768 4552
545 345 755 403 ...47-

118 512 263 572 Domini
286 514 541 573 veneratione
558 513 674 573 debent
689 513 818 590 servari,
831 521 864 573 ut
878 514 1022 575 videlieet
1036 514 1180 590 honeste,

117 613 176 674 boe
199 619 248 674 est
270 612 439 683 humiliter,
468 630 574 690 pacem
606 621 637 674 et
667 617 823 676 caritatem
852 617 882 674 in
912 619 1005 678 corde
1028 625 1178 688 tenentes,

116 717 208 775 ieiuni
232 722 262 776 et
284 716 380 776 sobrii
405 733 474 776 eum
499 716 648 776 munditia
670 720 811 793 corporis
836 724 866 778 et
887 720 998 794 cordis,
1029 726 1176 796 quantum

115 818 179 877 fieri
196 825 305 895 potest,
319 821 388 896 ipsa
398 825 594 880 sacramenta
606 819 839 895 contingamus,
857 822 1026 881 seeundum
1038 822 1178 881 ordinem

115 930 232 994 autem,
260 929 294 980 ut
323 921 599 982 sanctificationem
629 936 736 982 eorum
766 938 785 981 a
814 923 890 982 cibis
914 924 1040 994 ceteris,
1070 929 1178 999 utpote

114 1024 238 1084 animae
271 1020 654 1097 vitam'srgnifieantium‚
689 1024 781 1098 longe
817 1025 932 1084 distare
965 1027 1114 1097 sciamus,
1148 1033 1180 1086 et

114 1127 213 1202 primo
238 1125 347 1186 horum
377 1126 587 1186 consolatione
610 1126 729 1196 relecti,
758 1125 870 1186 deinde
893 1127 1033 1202 corporis
1056 1133 1180 1187 susten-

73 1242 78 1255 ·
114 1231 218 1287 taeula
251 1229 418 1301 capiamus.
476 1227 566 1301 Quod
599 1233 705 1287 autem
736 1242 837 1303 neque
871 1236 943 1288 ante
979 1245 1080 1304 neque
1111 1235 1181 1304 post

115 1330 422 1390 communicationem
447 1331 478 1389 in
503 1330 643 1389 ecelesiis
667 1314 706 1389 sit
729 1326 968 1400 convivandum,
993 1337 1023 1389 et
1045 1347 1180 1392 canones

114 1432 249 1491 discrete
282 1438 311 1490 et
339 1432 498 1492 manileste
529 1435 697 1508 loquuntur
726 1439 756 1491 et
786 1450 843 1492 nos
871 1433 1015 1508 superius
1046 1449 1180 1493 comme-

114 1534 335 1594 moravimus.1

545 1670 746 1677 ———

114 1975 215 2078 (laod
239 1994 302 2061 alt't'
330 1993 457 2071 curtim,
485 1993 548 2061 altr·
572 1993 736 2074 crebrior,
768 1995 831 2063 altr·
854 1995 977 2064 cott'dt'e
1003 1998 1179 2064 communi-

490 2112 631 2181 candum
658 2113 795 2181 dicunt?

178 2297 254 2372 Quia
269 2313 344 2357 vero
361 2293 419 2355 deb
441 2297 561 2357 ratione
584 2305 851 2358 sacramentorum
873 2314 975 2373 pauca
999 2298 1177 2374 perstrinxi-

112 2418 191 2471 mus,
215 2400 339 2458 videtur
354 2398 609 2471 subnectendum,
635 2399 765 2477 qualiter
780 2402 819 2461 ad
842 2385 1026 2462 cotidianam
1043 2401 1176 2461 celebra-

110 2504 224 2563 tionem
249 2503 416 2561 eorundem
433 2504 660 2578 ¹mysteriorum
684 2519 762 2564 usus
786 2503 967 2576 pervenerit.
1011 2503 1049 2562 Et
1072 2513 1180 2578 quam⁰

66 2605 72 2615 '
112 2600 274 2680 multiplex
304 2609 352 2663 est
380 2605 448 2675 eius
477 2605 520 2663 rei
549 2605 632 2682 apud
663 2606 806 2664 doctores
839 2605 957 2666 relatio!
989 2602 1179 2680 colligimusd

112 2707 298 2776 summatim,
323 2722 401 2782 quae
424 2722 605 2780 possumus
629 2709 671 2768 ita
695 2713 728 2766 ut
744 2709 870 2767 uomina
889 2709 1082 2784 singulorum
1104 2724 1178 2767 aue-

110 2816 211 2868 torum
248 2815 376 2888 propter
419 2809 626 2884 prolixitatem
665 2828 724 2871 non
767 2826 929 2884 ponamus.
987 2810 1066 2869 Nihil
1102 2827 1178 2872 vero

112 2928 262 2972 conemur
277 2918 427 2987 astruere,
451 2910 532 2984 quod
558 2900 682 2970 bouvel
704 2911 746 2969 ita
761 2912 892 2987 legimus
915 2917 966 2972 vel
988 2929 1027 2971 ex
1048 2912 1179 2980 lectione

112 3013 357 3073 coniectavimus
389 3014 439 3070 vel
477 3011 633 3072 veracium
668 3014 772 3073 verbis
811 3016 1007 3090 percepimus
1038 3016 1088 3073 vel
1119 3031 1179 3073 usu

112 3115 289 3194 insinuante
318 3114 532 3190 cognovimus.
578 3115 647 3186 Alii,
678 3121 712 3174 ut
741 3133 780 3174 ex
809 3124 931 3192 patrum
963 3115 1176 3176 collationibus

112 3218 270 3288 discimus
304 3217 401 3277 semel
435 3215 464 3274 in
499 3232 580 3275 anno
616 3219 905 3278 communicandum
934 3216 1110 3286 censebant,
1145 3228 1179 3275 ut

112 3319 256 3379 videlieet
283 3320 426 3378 diuturna
456 3321 691 3394 praeparatione
719 3337 833 3397 corpus
857 3328 887 3380 et
917 3319 1051 3378 animam
1075 3317 1178 3390 purifi-

112 3430 219 3483 cantes
249 3424 372 3482 tandem
405 3423 446 3483 ad
480 3424 728 3485 communionem
758 3439 886 3483 mensae
909 3419 1053 3481 caelestis
1083 3420 1176 3493 digne

112 3527 333 3602 pertingerent;
364 3533 394 3585 et
422 3526 564 3601 quidern⁰
592 3525 704 3587 horum
734 3522 786 3586 alii
816 3526 917 3601 ipsam
941 3522 1176 3582 celebrationem

179 3693 192 3721 Β
210 3708 247 3756 oe,
260 3692 352 3742 dicant.
365 3721 396 3729 -
412 3680 424 3719 b
444 3708 477 3756 m,
491 3700 523 3746 et.
538 3692 593 3732 -Ε
612 3711 649 3756 oe,
663 3696 792 3760 quoniam.
811 3722 842 3730 —
861 3677 876 3719 d
894 3689 957 3754 mlh,
968 3688 1130 3753 colligamus.
1144 3719 1175 3726 -

112 3776 123 3804 Θ
141 3778 174 3840 Μ,
192 3777 320 3841 equidem.

721 3867 785 3872 .——
792 3867 840 3871 -.—
847 3866 977 3871 ——-
1010 3865 1176 3872 *2-—--·—-

184 3917 192 3950 1
210 3912 270 3978 [ap.
287 3911 329 3965 xl.
