2768 4552
584 297 794 386 ,439-

158 512 216 555 nec
240 511 323 572 aqua
346 497 411 555 sine
434 495 507 555 vino
532 493 670 566 offertur,
694 495 767 571 quia
790 510 847 554 nec
864 493 1005 556 Christus
1022 497 1109 554 aliter
1126 513 1221 573 quarn

158 613 215 671 pro
239 599 353 672 populo
381 613 438 657 suo
467 613 581 673 passus
613 603 673 672 est,
700 612 757 655 nec
785 598 872 656 aliter
894 600 1028 674 populus
1052 615 1142 674 quarn
1168 615 1221 674 per

157 700 338 773 passionem
363 697 473 758 Christi
497 704 603 774 potest
626 699 750 760 salvari.

634 1059 740 1128 XVII.

273 1227 346 1295 Cur
372 1234 495 1297 mutatu
521 1230 590 1296 sint
606 1250 677 1320 per
706 1227 876 1299 Christum
901 1229 1102 1318 sacruficl‘u'.

221 1429 298 1502 Quia
329 1445 405 1489 vero
441 1430 580 1490 Christus
616 1431 763 1490 sacerdos
800 1447 870 1490 esse
905 1429 1014 1489 dicitur
1048 1433 1219 1493 secundum

156 1532 295 1591 ordinem
320 1532 539 1606 Melchisedec,
569 1533 652 1608 quod
679 1532 842 1607 apostolus
866 1532 979 1591 Paulus
1004 1534 1222 1608 copiosissime

156 1628 292 1704 astruits,
316 1636 404 1695 salva
426 1635 637 1711 multiplicium
661 1633 778 1693 ratione
799 1633 978 1708 figurarum,
1002 1637 1116 1712 quibus
1139 1637 1221 1696 idem

156 1737 305 1795 sacerdos
321 1736 377 1795 Dei
400 1738 511 1796 summi
532 1738 636 1796 lesum
653 1735 807 1796 Christum
823 1736 917 1796 filiunt
935 1738 989 1796 Dei
999 1735 1018 1810 Ι),
1042 1737 1094 1813 qui
1110 1744 1221 1797 semet-

154 1838 257 1912 ipsum
287 1841 365 1913 patri
392 1855 448 1914 pro
472 1840 562 1898 nobis
583 1840 987 1914 obtulit,'praenuntiassec
1010 1841 1220 1914 cognoscitur,

157 1955 325 2014 congruum
350 1956 449 2014 genus
474 1940 614 1999 sacrificii
637 1941 791 2002 Dominus¹
810 1948 923 2015 noster,
946 1943 1094 2002 sacerdos
1117 1958 1221 2014 verus,

154 2041 192 2100 in
221 2044 397 2116 corporis
426 2049 462 2101 et
489 2044 689 2117 sanguinis
718 2043 786 2102 sui
805 2044 1026 2118 mysterium
1055 2045 1220 2119 providere

156 2142 320 2218 dlgnatus2
342 2152 399 2212 est,
422 2151 455 2202 ut
477 2145 636 2217 videlicet,
660 2144 742 2202 sicut
764 2143 971 2204 Melchisedec
993 2152 1064 2203 ante
1088 2145 1220 2204 circum-

156 2246 305 2305 cisionem
341 2254 371 2304 et
404 2248 482 2321 legis
511 2247 704 2306 ceremonias
733 2247 845 2305 vivens
877 2263 916 2305 ex
947 2247 1009 2306 fide
1043 2263 1155 2320 panem
1189 2254 1221 2307 et

120 2423 123 2427 .
154 2347 272 2406 vlnum·
288 2349 401 2423 legitur
423 2350 584 2424 obtulisse,
608 2349 648 2408 ita
676 2349 744 2424 ipsc
768 2348 931 2423 Dominus,
961 2351 1098 2422 pontifex
1120 2349 1220 2410 lactus

157 2437 330 2510 secundum
352 2452 488 2511 ordinem
513 2468 573 2510 non
597 2455 711 2521 Aaron,
736 2450 793 2510 sed
817 2450 1040 2524 Melchisedec,
1063 2448 1167 2513 iustus
1191 2460 1222 2512 et

155 2551 329 2612 iustificans
359 2569 445 2624 curn,
475 2555 527 2630 qui
556 2570 595 2612 ex
622 2553 683 2611 fide
713 2559 774 2626 est,
806 2560 875 2628 post
907 2553 1114 2627 expletionem
1143 2556 1220 2632 legis

154 2655 283 2713 easdem
315 2657 436 2730 species
465 2656 605 2715 sacrificii
634 2654 777 2713 fidelibus
800 2655 867 2713 suis
889 2656 1028 2730 tradidit,
1053 2653 1111 2715 ned
1134 2658 1220 2717 dubi-

155 2762 269 2828 temuS,
293 2768 368 2816 nos⁰
396 2759 462 2818 sine
489 2757 635 2832 operibus
662 2758 740 2832 legis
763 2756 923 2817 iustificari
945 2774 1001 2833 per
1023 2758 1123 2837 fidem,
1148 2761 1220 2818 dum

156 2857 228 2919 illos
251 2859 406 2919 imitamur
428 2860 569 2919 libertate
592 2859 663 2917 fidei
685 2866 715 2917 et
735 2859 921 2932 devotionis,
945 2876 1024 2935 quos
1040 2862 1107 2920 sine
1124 2863 1221 2919 servi-

155 2967 222 3020 tute
245 2963 320 3037 legts
345 2956 502 3021 coactitias
525 2962 591 3020 Deo
616 2961 833 3036 cognoscimus
855 2961 1013 3034 placuisse
1037 2979 1092 3037 per
1118 2963 1221 3023 Iidem.

156 3061 239 3138 Ergo
271 3063 342 3121 dum
370 3070 463 3123 notus
491 3070 576 3124 esset
603 3064 630 3122 ln
661 3064 776 3121 Iudaea
797 3063 896 3135 Deus,
927 3065 1065 3140 dumque
1097 3065 1127 3122 in
1158 3080 1220 3123 uno

156 3164 348 3225 tabernaculi
371 3169 420 3225 vel
444 3167 547 3242 templi
571 3168 640 3225 loco
663 3165 816 3225 sacrificia
832 3166 979 3225 deberent
995 3165 1107 3241 offerri,
1131 3182 1221 3242 prae·

225 3365 238 3393 ⁸
255 3366 334 3431 Apud
352 3383 381 3417 oe
399 3365 462 3416 haec
480 3366 531 3416 duo
543 3367 655 3432 capitula
667 3370 727 3416 sunt
738 3366 879 3430 coniuncta,
891 3371 991 3416 econtra
1003 3365 1080 3417 habet
1099 3367 1137 3416 Μ1
1154 3365 1222 3417 hanc

156 3451 239 3515 ipsam
253 3451 415 3502 divisionem.
435 3481 466 3489 -
484 3438 497 3478 b
516 3469 553 3517 oe,
565 3451 661 3504 habent
671 3452 741 3502 Iesus
754 3449 869 3501 Christus
878 3451 947 3501 tillus
959 3452 1012 3502 hei.
1032 3482 1063 3490 —
1083 3451 1094 3478 ⁰
1112 3468 1150 3515 oe,
1161 3467 1220 3518 pro-

158 3538 296 3588 nuntiasse.
315 3566 349 3574 -
366 3522 380 3562 ‘¹
398 3553 435 3600 oe,
454 3551 507 3588 nec.
527 3565 558 3573 -
577 3534 589 3562 θ
608 3552 641 3599 m,
660 3551 719 3588 non.
737 3564 770 3572 —
788 3520 799 3561 f
816 3550 845 3585 oc
863 3537 984 3588 coactiva.

157 3722 220 3774 lerre
238 3725 303 3775 velis
320 3723 407 3789 plures
425 3722 489 3772 alias
511 3725 660 3786 sententIas,
685 3737 750 3787 quae
767 3723 873 3772 interius
892 3724 958 3785 (cap.
976 3720 1052 3786 XVII,
1070 3722 1157 3785 XVIII,
1176 3722 1221 3772 XX

156 3808 181 3853 et
197 3806 277 3873 pass.)
295 3811 443 3873 sequuntur.
1258 3837 1268 3857 .

230 3895 238 3929 ¹
256 3892 332 3944 Hebr.
346 3891 399 3956 VII,
414 3895 425 3944 1
438 3906 493 3956 sqq.
512 3920 545 3929 —
567 3893 577 3928 ²
595 3889 644 3944 Cir.
655 3907 680 3956 p.
694 3893 734 3953 38,
753 3906 791 3955 cp.
804 3891 869 3953 XVI,
883 3896 934 3944 not.
949 3893 963 3942 2
983 3893 1008 3941 et
1019 3891 1063 3941 inl.
1081 3906 1119 3956 cp.
1134 3890 1221 3943 XVIII.
