2768 4552
504 310 712 370 ..79-

74 487 195 540 tantum
219 486 387 555 tantaeque
411 480 560 539 scientiae
582 480 682 538 virum
707 478 766 539 hoc
790 496 846 539 nec
870 480 936 540 sine
959 481 1140 542 auctoritate

75 598 133 641 nec
156 580 223 641 sine
252 583 380 642 rationis
404 581 628 658 ponderatione
651 580 774 640 iecisse.
818 582 849 639 ln
875 582 981 642 officiis
1006 598 1139 658 quoque,

74 699 155 759 quae
179 684 289 744 beatus
313 685 501 745 Benedictus
530 683 628 743 abbas
657 683 737 743 omni
766 685 930 744 sanctitate
955 686 1140 761 praecipuus

74 785 241 856 ordinavit,
268 787 354 860 ymni
383 785 525 845 dicuntur
547 801 602 862 per
629 785 725 844 horas
749 785 927 855 canonicas,
952 802 1033 861 quos
1057 787 1142 860 ipsea

73 886 289 947 ambrosianos
318 888 499 947 nominans¹
528 888 578 946 val
602 887 671 946 illos
694 883 764 946 vult
786 887 936 963 intellegi,
960 904 1038 963 quos
1068 904 1138 948 con-

74 988 145 1047 iecit
166 990 364 1059 Ambrosius,
393 991 443 1048 vel
471 991 550 1051 alios
578 991 616 1049 ad
644 990 846 1048 imitationem
871 989 1139 1048 ambrosianorum

72 1090 274 1165 compositos.
321 1091 488 1152 Sciendum
511 1097 624 1166 tamen,
649 1094 762 1151 multos
787 1092 886 1167 putari
910 1092 948 1150 ab
973 1091 1138 1151 Ambrosio
1210 1125 1213 1131 ,

71 1194 180 1261 laotos,
205 1195 260 1268 qui
283 1210 482 1271 nequaquam
507 1194 545 1252 ab
569 1194 620 1253 illo
644 1201 716 1254 sunt
740 1193 829 1266 editi;
853 1193 1034 1252 incredibile
1057 1192 1137 1252 enim

71 1278 203 1370 videtur,
226 1295 309 1354 illum
327 1297 406 1355 tales
424 1297 547 1372 aliquos
564 1296 687 1368 iecisse,
704 1295 813 1371 quales
830 1296 914 1354 multi
930 1295 1136 1364 inveniuntur,

70 1397 102 1456 id
124 1402 174 1456 est
196 1397 247 1472 qui
272 1398 385 1456 nullam
403 1415 516 1459 sensus
533 1399 784 1474 consequentiam
809 1397 959 1460 habentes
983 1396 1138 1456 insolitam

71 1499 238 1560 Ambrosio
275 1500 303 1558 in
336 1500 414 1576 ipsis
448 1501 635 1561 dictionibus
671 1499 873 1559 rusticitatem
913 1501 1137 1560 demonstrant.

72 1601 241 1661 Dicendum
265 1619 341 1662 uero
365 1604 403 1662 de
419 1619 523 1679 ymno,
547 1603 597 1679 qui
615 1604 654 1663 ob
670 1602 821 1662 honorem
839 1607 966 1661 sanctae
983 1608 1014 1660 et
1029 1602 1137 1661 unicae

69 1705 215 1764 trinitatis
238 1704 345 1764 olliciis
363 1705 507 1765 omuibus
523 1705 725 1779 interseritur,
742 1720 811 1763 cum
829 1720 846 1762 3
863 1704 979 1763 sanctis
996 1703 1137 1778 patribus

70 1807 158 1866 aliter
181 1815 273 1883 atque
297 1807 386 1866 aliter
409 1808 595 1867 ordinatum.
634 1806 708 1866 Nam
726 1807 865 1881 Hispani,
890 1806 970 1866 sicut
991 1806 1136 1881 superius

70 1910 391 1979 commemoravimus
409 1910 451 1969 ita
467 1925 536 1968 curn
554 1910 614 1968 diei
632 1909 817 1971 omnimodis
830 1910 1010 1981 voluerunt3
1028 1907 1135 1967 Graeci

70 2017 187 2070 autem:
214 2016 319 2086 pluria
344 2014 435 2093 putri
464 2018 494 2070 et
516 2014 583 2083 filio
607 2018 638 2071 et
658 2013 783 2087 spiritui
804 2017 925 2086 sancto,
950 2015 982 2068 et
1002 2027 1084 2069 nnnc
1107 2015 1136 2068 et

67 2127 189 2187 semper
204 2119 236 2172 et
249 2117 281 2173 in
292 2117 421 2172 saeculo
432 2117 628 2173 soeculorum
641 2131 730 2172 omen
750 2113 851 2171 dicere
872 2107 1133 2186 cognoscunturb3

68 2213 166 2273 Latini
196 2231 269 2275 vero
298 2216 408 2275 eodem
440 2216 546 2276 ordine
579 2221 609 2274 et
631 2215 749 2275 eisdem
772 2213 877 2274 verbis
900 2212 983 2273 hunc
1005 2208 1132 2288 ymnu'm

68 2316 237 2376 decantant
249 2319 400 2378 addentes
417 2324 534 2378 tantum
547 2319 576 2377 in
591 2318 707 2377 medio:
725 2319 805 2376 sicut
820 2319 891 2376 ercl
905 2317 935 2374 in
946 2316 1132 2391 principio&

68 2432 124 2493 pro
149 2418 260 2492 quibus
285 2421 375 2480 etiam
392 2422 551 2497 particulis
568 2421 693 2498 quidam
713 2421 829 2492 Graeci,
849 2420 951 2478 minus
968 2418 1134 2493 sapientes

68 2517 195 2579 Latinos
223 2523 371 2596 proximis
399 2530 470 2583 ante
501 2537 559 2582 nos
582 2524 775 2597 temporibus
799 2521 961 2581 calumniis
984 2520 1133 2596 impetere

68 2622 171 2679 conati
200 2628 280 2682 sunt.
331 2623 542 2700 Intellegimus
572 2632 691 2696 tamen,
720 2640 776 2684 nos
804 2624 834 2683 in
863 2624 923 2684 hoc
946 2639 1005 2682 non
1030 2638 1132 2684 errare

68 2723 185 2782 credita
214 2726 520 2801 consempiternitate
550 2727 666 2802 gloriae
693 2727 790 2801 patris
819 2732 850 2786 et
877 2727 928 2786 lilii
951 2724 1130 2800 etspiritus

68 2826 166 2885 sancti
200 2827 377 2901 pariterque
407 2828 557 2899 scientes,
587 2827 670 2905 quod
693 2826 838 2899 Romani,
866 2828 1033 2888 firmissimi
1059 2827 1129 2886 fidei

136 3009 204 3070 aoe,
222 3012 344 3063 Ambros.
362 3013 426 3077 ipsc.
445 3042 478 3050 —
498 3001 509 3039 b
528 3028 567 3072 oe,
585 3027 636 3063 om.
656 3010 739 3062 dicere
756 3017 953 3076 cognoscuntur.

139 3199 212 3249 ¹Clr.
239 3199 329 3264 regula
352 3205 397 3250 sct.
420 3199 774 3252 Bened.e.9.12.13.1t.
801 3227 834 3234 -
864 3196 963 3248 2Η3111
986 3197 1128 3249 clausulam

66 3290 168 3350 propter
184 3285 297 3335 Arianos
319 3285 346 3334 in
372 3289 423 3334 tota
440 3283 560 3344 ecclesia,
576 3282 684 3334 Orientis
710 3289 734 3333 et
752 3281 906 3346 Occidentis,
932 3284 1045 3334 additam
1068 3300 1132 3344 esse,

65 3370 174 3419 3111111131
200 3368 340 3420 concilium
363 3385 470 3419 vasense
496 3369 623 3421 31111519
650 3368 805 3419 celebratum
827 3368 916 3419 dicens
937 3383 992 3419 can.
1012 3369 1056 3420 V.:
1087 3369 1133 3432 „Et

66 3456 197 3519 quianon
220 3453 304 3505 solum
328 3455 353 3504 in
377 3455 437 3505 sede
456 3454 606 3519 apostolica,
631 3455 676 3504 sed
698 3454 774 3504 eliam
798 3468 843 3518 per
866 3458 945 3504 totum
963 3453 1089 3506 Orientem
1108 3461 1133 3507 et

64 3543 144 3589 totam
169 3539 285 3589 Alricam
318 3538 360 3589 vel
387 3539 483 3590 ltaliam
516 3543 618 3606 propter·
642 3537 827 3589 haereticorum
857 3540 989 3599 astutiam,
1020 3539 1064 3604 qui
1086 3538 1132 3590 Dei

65 3623 149 3673 lilium
167 3639 219 3673 non
237 3640 337 3688 semper
355 3639 414 3675 eum
426 3631 497 3690 patre
509 3625 597 3684 luisse,
610 3623 654 3674 sed
666 3639 681 3673 a
693 3629 806 3688 tempore
817 3625 931 3688 coepisse
942 3621 1131 3688 blasphemant,

65 3710 91 3759 in
110 3709 229 3760 omnibus
248 3707 371 3760 clausulis
393 3713 449 3774 post
471 3708 554 3773 gloria
571 3711 640 3761 sicut
656 3716 716 3761 erat
733 3711 759 3760 in
772 3710 910 3777 principio
928 3708 1032 3772 dicitur,
1055 3709 1130 3759 atiani

65 3798 89 3844 et
106 3810 153 3844 nos
171 3794 198 3843 in
216 3795 344 3845 universis
362 3793 477 3845 ecclesiis
496 3794 588 3845 nostris
606 3794 655 3845 hoc
674 3795 707 3844 ita
723 3792 861 3844 dicendum
875 3809 930 3844 esse
942 3793 1127 3861 decernimus.“

64 3878 147 3930 Mansi
165 3878 230 3938 VIII,
243 3881 301 3932 725.
