2768 4552
715 563 752 631 tt.

381 729 646 814 Onnestt‘anenlu
672 733 832 822 quaedam
860 733 901 800 de
926 731 1094 823 baptismo.

202 896 264 949 Cod.
283 894 399 962 Sangall.
418 912 442 946 n.
456 898 506 948 tto
524 911 574 948 sec.
588 895 618 945 X.
637 895 680 947 iol.
694 898 749 949 83.¹
779 897 828 948 Cir.
841 895 990 947 Amalarius
1009 897 1140 948 trevirens.
1158 895 1275 962 archiep.

202 982 234 1034 ad
257 981 377 1032 Carolum
395 981 481 1046 Magn.
506 981 536 1031 de
559 982 708 1031 ceremoniis
729 981 858 1046 baptismi.
896 980 1015 1042 Gerbert,
1042 980 1199 1032 Monument.
1221 986 1274 1032 vet.

546 1064 632 1129 liturg.
650 1064 726 1117 alam.
744 1065 771 1127 tt,
789 1082 849 1131 pag.
868 1069 925 1118 293.

267 1241 457 1316 Baptismnm
482 1255 605 1313 graece,
637 1239 766 1298 tatinum
791 1241 893 1299 tinctio
925 1240 1156 1315 interpretatur,
1187 1240 1276 1314 quod

203 1343 318 1404 idcireo
347 1343 452 1401 tinctio
482 1342 605 1406 dicitnr,
642 1343 714 1417 quia
746 1343 785 1401 ihi
820 1342 913 1400 homo
949 1342 1056 1417 spiritu
1090 1342 1208 1415 gratiae
1243 1343 1273 1399 in

205 1446 315 1504 meiius
338 1448 472 1502 mutatur
495 1449 525 1502 et
547 1446 641 1519 longe
665 1444 748 1503 alind
773 1460 867 1518 quam
892 1450 959 1503 erat
983 1443 1120 1503 efficitur.
1165 1443 1277 1519 Bapti-

205 1554 291 1607 zatns
322 1547 350 1603 in
383 1546 506 1604 nomine
537 1547 632 1619 patris
663 1553 692 1604 et
719 1546 771 1604 filii
795 1552 824 1604 et
848 1547 972 1621 spiritus
996 1546 1109 1615 sancti,
1141 1545 1221 1605 sient
1245 1546 1276 1606 in

204 1647 304 1707 tribus
328 1647 459 1706 testibus
481 1646 535 1705 fiat
551 1663 643 1705 omne
665 1648 826 1717 vernunst,
849 1649 890 1707 ita
912 1655 943 1706 et
965 1648 1025 1708 hoo
1042 1653 1276 1709 sacramentum

206 1748 368 1809 confirmat
406 1749 557 1808 ternarius
591 1765 737 1807 numerus
772 1750 929 1808 nominum
966 1751 1154 1821 divinorum,
1192 1749 1276 1810 idem

206 1851 304 1927 patris
335 1856 365 1910 et
390 1850 443 1910 iiiii
474 1857 503 1909 et
532 1852 656 1925 spiritns
683 1853 782 1911 sancti
812 1867 868 1927 per
898 1868 1010 1928 aquam
1036 1851 1276 1928 baptismum(i)

207 1954 303 2023 datur,
327 1954 401 2029 quia
422 1969 516 2028 super
538 1968 650 2030 aquam
675 1955 766 2012 etiam
790 1956 819 2013 in
849 1955 998 2030 principio
1029 1954 1185 2015 terebatur
1213 1955 1278 2030 spi-

206 2056 283 2117 ritus
308 2058 460 2116 sanctus.³

465 2226 511 2286 Be
534 2230 685 2302 mysteriis
707 2229 794 2285 sacri
816 2227 1017 2302 baptismatis.

271 2363 304 2420 In
338 2363 388 2422 iilo
419 2361 519 2422 officio
552 2362 683 2438 primum
716 2378 857 2438 paganus
889 2362 1122 2422 cathecuminos
1155 2362 1198 2436 (id
1227 2369 1280 2423 est

208 2465 353 2541 audiens)
383 2465 416 2523 fit
439 2466 593 2525 accedens
616 2464 656 2523 ad
679 2466 881 2542 baptismum,
911 2471 943 2525 ut
965 2464 1119 2524 renuntiet
1141 2464 1278 2537 maligno

209 2566 330 2641 spiritui
367 2572 397 2625 et
432 2568 578 2627 omnibus
612 2568 770 2627 damnosis
801 2569 867 2628 eins
900 2568 1046 2641 operibus
1081 2574 1110 2626 et
1144 2566 1277 2643 pompis.

207 2666 398 2728 Exsutssatur
422 2670 523 2746 etiam,
545 2677 579 2728 ut
602 2671 704 2744 fugato
729 2670 851 2731 diabolo
875 2668 997 2730 Christo
1021 2669 1143 2730 domino
1167 2673 1278 2728 nostro

210 2775 334 2846 paretur
362 2771 513 2832 introitus
558 2772 771 2832 Exoroizetur:
803 2773 883 2832 idem
914 2774 1092 2834 coniunctus
1121 2771 1277 2845 malignus

210 2873 345 2948 spiritus,
369 2879 402 2931 nt
426 2880 517 2933 exeat
539 2881 569 2934 et
591 2876 717 2934 recedat
740 2877 818 2935 dans
842 2879 941 2935 tocnm
958 2876 1016 2933 deo
1032 2889 1120 2934 vero.
1155 2872 1279 2948 Accipit

210 2975 448 3035 cathecuminus
465 2977 572 3049 satem,
589 2984 623 3035 ut
638 2979 762 3053 putrida
778 2984 809 3036 et
822 2976 907 3036 fluxa
922 2977 990 3036 eius
1005 2986 1141 3050 peccata,
1163 2975 1278 3050 quibus

209 3085 281 3137 ante
304 3078 423 3137 maduit
445 3079 597 3155 sapientie
622 3081 687 3140 sale
710 3080 834 3139 condita
856 3079 957 3138 divino
975 3094 1102 3138 munere
1126 3076 1279 3136 mundan-

211 3186 268 3240 tur.
315 3181 390 3239 Dcin
422 3183 555 3258 symboli
585 3184 746 3257 apostolici
775 3184 907 3243 traditur
937 3183 963 3242 ei
992 3181 1086 3248 fides,
1118 3185 1150 3239 nt
1178 3194 1281 3239 vacua

212 3280 324 3341 domus
348 3289 378 3340 et
404 3300 423 3343 a
450 3285 554 3360 priseo
583 3285 753 3345 habitatore
777 3285 924 3346 dereticta
951 3285 1012 3343 fide
1043 3287 1170 3344 ornetur
1191 3286 1223 3340 et
1244 3287 1280 3341 ut

212 3392 419 3462 praeparetur
442 3386 591 3448 habitatio
615 3389 680 3448 deo.
725 3390 813 3448 Tunc
835 3387 913 3448 finnt
935 3387 1091 3454 scrutinia,
1114 3391 1150 3444 ut
1171 3383 1280 3459 explo-

210 3494 296 3547 retur
319 3489 442 3559 certius‚
472 3506 508 3549 an
534 3497 605 3565 post
627 3491 884 3551 renuntiationem
909 3495 1037 3550 satanae
1060 3487 1158 3547 verba
1186 3485 1280 3546 datae

286 3693 294 3726 ¹
312 3688 376 3739 Nota
389 3691 421 3740 ad
440 3691 583 3754 marginem
596 3689 628 3739 ab
647 3689 737 3740 eadem
755 3690 944 3754 manuscripta,
963 3703 1029 3754 quae
1046 3691 1143 3738 textum
1158 3663 1282 3746 exaravit,

211 3774 325 3826 exhibet:
364 3775 448 3837 „istud
478 3790 492 3824 a
523 3774 617 3839 palatio
647 3775 796 3839 aquisgrani
822 3776 915 3826 venit.“
935 3804 966 3812 -
988 3771 1222 3832 2tttatth.18‚16.
1246 3799 1282 3809 —

213 3858 333 3911 ³Genes.
352 3859 370 3919 l,
389 3862 412 3911 2.
