2768 4552
584 366 794 424 -49-

153 535 227 595 titur
250 536 585 611 supersubstantialem
610 535 742 612 intellegi
761 554 820 595 non
840 537 1027 598 cotidianum
1044 539 1222 611 voluerunt;

154 639 252 697 etsie
274 638 376 711 fiebat,
400 645 433 696 ut
449 638 501 714 qui
525 638 623 696 semel
648 654 702 712 per
723 638 929 698 ebdomadam
954 640 1224 700 communicabant

155 742 252 798 semel
275 740 368 800 etiam
393 742 566 799 orationem
587 740 770 800 dominicam
792 748 1001 800 recenserent.
1048 741 1222 817 Cyprianus

154 849 256 901 autem
286 841 397 901 cotidie
428 843 591 902 dicendam
621 858 692 901 esse
721 843 857 902 ostendit
887 843 1007 903 dicens:
1038 846 1162 918 „itaque
1192 847 1223 903 in

154 947 297 1004 oratione
331 946 485 1006 dominica
516 961 629 1020 ponem
663 948 800 1004 nostrum
834 947 867 1005 id
893 951 938 1005 est
968 947 1119 1005 Christum
1153 948 1226 1005 dari

154 1048 240 1105 nobis
256 1048 368 1106 cotidie
385 1050 530 1122 petimur,
555 1051 591 1104 ut
611 1048 665 1121 qai
678 1049 709 1105 ia
728 1047 847 1106 Christo
863 1064 1021 1106 manemus
1037 1053 1067 1106 et
1088 1028 1223 1122 vivimus,
1290 1083 1298 1093 ·

155 1165 175 1205 a
197 1151 446 1220 sanctificatione
473 1156 504 1208 et
531 1165 664 1224 corpore
691 1153 756 1209 cius
782 1166 843 1209 non
873 1151 1103 1210 recedamus.“¹
1147 1152 1223 1210 ltem

155 1246 308 1309 Hilarius:
332 1256 381 1322 „et
401 1253 474 1327 quia
491 1252 649 1310 cotidiana
664 1254 766 1310 oratio
783 1258 838 1327 est,
863 1252 976 1311 cotidie
991 1269 1111 1327 quoque
1128 1257 1224 1328 punis

155 1355 237 1412 citae
259 1361 294 1412 ut
315 1354 406 1411 detur
429 1353 592 1413 οναταν.“2
637 1353 667 1413 S.
684 1355 763 1427 Aug.
782 1352 867 1412 dicit:
892 1356 948 1425 „de
964 1356 1127 1415 cotidianis
1142 1374 1224 1432 pcr-

155 1458 261 1528 oisque
270 1456 425 1529 peccatis,
448 1457 514 1513 sine
530 1456 639 1530 quibus
653 1457 718 1514 vita
733 1456 813 1515 llaec
828 1473 890 1516 non
906 1457 1040 1528 ducitur,
1065 1460 1224 1518 cotidiana

156 1559 258 1616 oratio
285 1558 425 1628 fidelium
458 1558 618 1630 satbfocit
650 1557 803 1616 errori.“³
851 1557 1070 1631 Superioribus
1100 1561 1225 1634 quidem

156 1657 197 1715 ita
221 1662 252 1715 ut
273 1656 468 1733 praedictum
490 1663 539 1717 est
562 1658 755 1732 complacuit,
787 1658 855 1718 aliis
878 1675 953 1719 vero
983 1677 1042 1720 non
1067 1663 1169 1721 solum
1194 1664 1225 1721 in

156 1759 319 1819 dominicis
336 1765 366 1818 et
388 1759 474 1819 lestis
498 1759 699 1833 generalibus
722 1766 756 1818 ut
779 1766 852 1818 sunt
868 1762 1021 1834 nativitas,
1047 1763 1224 1838 epiphania,

156 1861 284 1935 pascha,
314 1862 457 1921 ascensio
481 1862 603 1921 Domini
634 1868 665 1920 et
692 1868 903 1936 pentecostes.
932 1881 1042 1923 verum
1073 1867 1166 1924 etiam
1195 1867 1224 1925 in

157 1964 308 2022 nataliciis
339 1970 517 2023 sanctorum
547 1964 719 2023 divinorum
751 1980 912 2023 munerum
943 1965 1130 2026 celebranda
1153 1984 1225 2029 esse

156 2067 317 2142 mysteria.
362 2067 488 2140 Legitur
511 2068 591 2125 enim
615 2066 701 2124 Felix
721 2066 835 2124 XXVll
858 2082 940 2142 papa
963 2068 1168 2135 constituisse.
1192 2077 1225 2129 ut

129 2185 253 2243 ‘super
276 2169 441 2227 memorias
464 2173 637 2242 martyrum
666 2169 781 2228 missae
804 2170 1067 2244 celebrarentur43
1096 2169 1152 2229 sed
1179 2179 1226 2230 eta

156 2271 269 2330 beatus
299 2269 467 2345 Gregorius
499 2286 578 2344 papa
608 2270 636 2328 in
666 2271 774 2331 ordine
804 2270 899 2329 LXVI
929 2271 1101 2348 praecepit,
1130 2288 1231 2347 super

156 2387 270 2447 corpus
303 2372 384 2431 beati
408 2372 489 2430 Petri
518 2373 650 2447 apostoli
680 2372 746 2431 fieri
769 2373 914 2432 missasi
963 2372 1018 2431 His
1046 2373 1089 2431 ita
1119 2374 1226 2433 obser-

155 2475 238 2533 vatis
255 2482 425 2549 coeperunt
440 2475 577 2534 iuniores
594 2481 733 2548 tempore
750 2475 891 2550 sequenti
900 2470 911 2508 Ι
935 2474 1026 2534 serias
1043 2450 1224 2534 ieiuniorum

156 2586 289 2650 augerec
324 2578 479 2636 veraciter
512 2577 740 2649 intellegentes
777 2591 888 2650 panem
920 2575 1005 2635 illum
1038 2577 1226 2637 cotidianum

225 2778 292 2841 aoe,
310 2793 363 2828 om.
381 2782 411 2828 et.
431 2807 462 2815 -
482 2766 494 2805 t
513 2792 534 2838 c,
553 2778 641 2826 secuti.
661 2805 692 2816 -
710 2776 721 2802 ⁰
739 2791 760 2836 c,
779 2791 862 2840 agere.

228 2947 333 3014 1Cypr.
360 2948 396 2998 lle
419 2921 548 2998 dominica
575 2948 686 2996 oratione
710 2961 748 3010 cp.
774 2947 813 2997 18.
848 2946 913 2997 Edit.
936 2946 1030 3009 Harlel,
1056 2945 1227 2997 vindobonae

158 3034 231 3096 1868,
249 3048 274 3099 p.
288 3035 345 3085 280.
366 3064 397 3072 -
418 3036 429 3070 ²
449 3032 527 3094 „Quia
545 3030 694 3096 quotidiana
712 3032 791 3080 oratic
810 3035 853 3093 est,
872 3030 985 3096 quotidie
998 3045 1100 3094 quoque
1111 3034 1139 3079 ut
1154 3028 1228 3079 delur

156 3117 203 3184 (sc.
222 3120 296 3182 panis
315 3119 382 3168 vitae
400 3123 423 3168 et
440 3119 515 3182 panis
533 3134 547 3167 e
564 3115 647 3182 coelo)
666 3121 775 3166 oratur.“
813 3115 861 3167 Hil.
880 3117 1023 3178 fragmenta
1036 3113 1123 3176 Migne
1141 3127 1160 3164 s.
1173 3111 1227 3164 lx

156 3206 214 3254 725.
241 3231 276 3240 -
303 3207 314 3240 ³
336 3203 386 3264 „lle
413 3202 569 3268 quotidianis
591 3205 678 3251 autem
700 3199 822 3251 brevibus
844 3197 997 3263 levibusque
1023 3198 1146 3262 peccatis,
1172 3197 1227 3247 sine

156 3287 249 3352 quibus
267 3287 330 3337 haec
342 3289 395 3337 vita
407 3302 458 3337 non
472 3287 580 3349 ducitur,
600 3286 748 3350 quotidiana
766 3282 881 3334 fidelium
894 3285 973 3333 oratio
985 3283 1128 3334 satisfacit!
1156 3283 1227 3345 Aug.
1301 3315 1305 3325 .

158 3370 288 3422 Enchirid.
307 3372 410 3431 deiide,
426 3388 469 3437 spe
482 3376 506 3423 et
517 3371 638 3421 charitate
650 3386 688 3435 cp.
704 3371 742 3421 71.
773 3368 860 3432 Migne
877 3384 897 3420 s.
910 3367 928 3418 l.
941 3371 981 3429 40,
1000 3383 1023 3432 p.
1038 3369 1096 3419 265.
1117 3367 1226 3427 „errori“

155 3455 299 3519 corruptela
316 3473 372 3508 esse
389 3457 497 3519 videtur,
516 3474 547 3508 ex
566 3457 643 3507 verbo
664 3460 783 3517 „eorum“
803 3452 850 3520 (est
868 3453 936 3503 enim
955 3455 1017 3514 etc),
1042 3451 1110 3517 quod
1135 3453 1227 3502 imme·

156 3540 223 3590 diate
242 3542 356 3605 sequitur
373 3543 442 3606 apud
461 3543 529 3606 Aug.
548 3570 582 3579 -
600 3539 693 3600 ⁴.„Hic
705 3539 832 3588 constituit
845 3553 921 3601 supra
934 3538 1070 3588 memorias
1083 3542 1227 3602 martyrum

156 3625 249 3674 missas
272 3625 423 3677 celebrare.“
460 3627 515 3678 Lib.
541 3614 635 3690 pontis?
651 3622 892 3685 Ducicsnc1158,
915 3621 957 3674 cir.
981 3622 1016 3672 De
1034 3621 1122 3679 Rosci.
1147 3623 1230 3671 Roma

156 3714 297 3761 sotteranea
314 3716 331 3760 t.
348 3710 386 3773 ΙΙΙ,
405 3727 428 3776 ρ.
447 3713 496 3764 489
507 3725 562 3776 sqq.
583 3739 614 3747 -
634 3714 645 3746 δ
664 3709 725 3770 „Hic
748 3709 806 3758 iecit
823 3712 850 3757 ut
868 3721 945 3770 super
964 3721 1055 3770 corpus
1078 3705 1144 3757 beati
1162 3705 1230 3758 Petri

156 3796 249 3844 missas
266 3795 478 3846 celebrarentur.“
516 3795 572 3847 Lib.
591 3794 681 3845 Pontis.
700 3791 782 3843 Duch.
800 3792 817 3854 Ι,
837 3794 893 3853 312,
917 3792 960 3841 cir.
979 3791 1062 3842 Bedae
1081 3791 1144 3842 Hist.
1167 3791 1227 3842 ecel.

157 3878 174 3929 l.
192 3878 212 3927 ll
239 3895 252 3930 c
272 3917 278 3930 .
298 3883 320 3932 1.

208 3896 357 4016 lingpller,
374 3961 488 4002 Walafridl
503 3961 571 4004 Strab.
586 3961 640 4002 liber
653 3963 680 4003 de
694 3960 791 4003 exordiis
806 3967 844 4002 etc.
1009 3948 1024 3996 4
