2768 4552
625 351 857 411 -102-

209 519 362 579 mundusa
384 524 575 596 veredarios
593 521 895 592 commentarienses,
919 520 1060 581 ludorum
1079 518 1278 592 exhibitores

210 623 378 682 carminum
409 627 605 700 pompaticos
635 625 801 695 relatores,
834 621 931 682 habet
960 623 1092 682 ecclesia
1125 623 1278 698 acolytos,

210 724 353 796 lectores
377 734 521 785 cantores
538 733 631 801 atque
654 725 840 800 psalmistas.
879 725 1039 784 Caeterum
1056 739 1095 783 ex
1112 724 1279 799 utriusque

211 825 328 885 ordinis
344 829 557 888 coniunctione
574 833 604 885 et
626 826 789 887 dilectione
806 841 867 884 una
882 826 993 885 domus
1009 825 1066 885 Dei
1083 825 1279 898 construitur,

209 944 306 985 unum
335 945 449 1004 corpus
479 928 590 989 Christi
622 927 751 988 efficitur
780 928 899 986 cunctis
929 927 1076 988 membris
1107 927 1278 987 olficiornm

210 1043 339 1088 suornm
365 1032 481 1090 tructus
505 1036 630 1091 mutuae
658 1031 780 1090 utilitati
803 1029 1042 1100 conferentibus
1072 1030 1143 1088 dum
1169 1030 1279 1088 oculus

211 1139 259 1191 est
287 1135 317 1192 in
343 1135 548 1209 sapientibus,
578 1134 629 1210 qui
653 1149 760 1193 veram
785 1135 885 1192 lucem
909 1129 958 1192 etb
980 1132 1153 1208 percipiunt
1175 1138 1217 1202 et·
1232 1130 1280 1188 in·

212 1234 348 1307 sinuant,
380 1252 416 1295 os
445 1239 471 1296 in
496 1238 689 1307 doctoribus,
719 1238 803 1296 auris
832 1237 860 1294 in
886 1235 1047 1295 benevolis
1076 1233 1280 1307 auditoribus

211 1353 308 1398 nasus
337 1340 366 1396 in
398 1340 590 1399 discretionis
621 1339 824 1410 amatoribus,
854 1352 965 1396 manus
995 1338 1024 1396 in
1055 1336 1280 1412 operatoribuS,

212 1442 310 1514 pedes
333 1443 363 1499 in
387 1441 626 1515 proficientibus,
649 1446 760 1498 venter
781 1440 810 1496 in
837 1439 1103 1512 compatientibus,
1128 1437 1225 1497 umeri
1248 1437 1278 1496 in

211 1540 351 1600 laborum
362 1543 580 1601 toleratoribus
591 1548 622 1599 et
634 1548 774 1600 caeter-ar
791 1541 820 1597 in
835 1543 975 1612 caeteria
992 1547 1026 1599 ut
1036 1557 1097 1600 non
1111 1543 1151 1600 sit
1165 1522 1279 1600 scisma

211 1645 242 1699 in
267 1659 410 1719 corpore,
435 1645 489 1702 sed
510 1647 536 1703 si
558 1646 715 1718 ploriatur
738 1659 829 1700 unum
853 1647 1029 1717 martirum,
1061 1641 1282 1716 conquadrant

211 1747 485 1819 emolamentum,
515 1749 542 1804 si
564 1748 769 1804 contristatur
797 1761 899 1814 unuin,
930 1749 1044 1802 cuncta
1066 1743 1280 1804 condoleant.¹

212 1846 275 1904 lsta
298 1847 514 1907 convenientia
536 1864 674 1922 eousque
702 1847 839 1905 tenenda
869 1854 924 1916 est,
956 1847 1053 1907 donec
1075 1860 1281 1905 occurramus

212 1963 315 2007 omnes
338 1952 368 2008 in
393 1946 490 2009 rrt‘rurn
510 1951 713 2026 perferrent
737 1957 771 2010 ut
791 1952 831 2008 sit
845 1950 926 2008 Deus
949 1951 1052 2007 omniu
1070 1950 1101 2006 in
1116 1947 1282 2006 omnibus.3

277 2270 368 2330 Gravi
402 2273 538 2347 pondere
568 2273 693 2332 tandem
722 2274 843 2332 solutus
872 2278 902 2329 et
930 2271 1046 2330 utinam
1076 2277 1138 2328 tam
1163 2268 1281 2344 prolec-

212 2377 303 2431 tnoso
328 2390 420 2447 quam
445 2375 571 2449 magno!
600 2376 630 2433 in
653 2374 715 2433 fine
738 2373 947 2432 conclusionis
970 2373 1107 2432 lecturos
1130 2371 1281 2442 obtestor,

212 2488 251 2531 ne
276 2476 358 2549 quod
383 2477 578 2535 obedientiae
602 2471 786 2535 devotioned
809 2475 898 2547 subii,
921 2474 1073 2534 tribuante
1095 2469 1281 2534 temerariae

212 2578 466 2652 praesumptioni.
511 2579 622 2638 Fateor
644 2573 781 2650 etenimf,
805 2595 853 2636 me
877 2593 935 2634 nec
957 2577 1142 2652 repperisse
1157 2580 1281 2645 cuncta,

213 2693 295 2752 quae
323 2680 488 2739 dilucidare
516 2682 696 2757 capitaneo
719 2686 828 2739 cuneta
851 2679 1006 2755 posuisse,
1039 2694 1119 2754 quae
1146 2675 1281 2753 repperi,

212 2793 282 2836 cum
306 2787 337 2838 et
358 2797 459 2841 rerum
488 2783 668 2858 magnitudo
699 2783 816 2842 sciendi
846 2783 1045 2862 cupiditatem
1074 2778 1282 2840 succenderet

213 2889 242 2939 et
284 2883 498 2943 diversitatum
538 2885 677 2945 conlusio
720 2885 832 2944 l'astidii
872 2883 1063 2943 nimietatem
1106 2879 1280 2956 praeberet.

212 2984 347 3044 Habebit
371 2993 471 3045 tamen
501 2987 529 3046 in
560 2987 608 3047 bis
632 2988 757 3046 lectoris
782 2987 840 3044 mei
863 2985 988 3044 curiosa
1008 2983 1173 3058 vestigatio
1201 2983 1282 3042 etsi

213 3103 273 3145 non
313 3089 430 3165 copiam
449 3156 452 3161 ,
471 3091 639 3163 satietatiS,
681 3105 743 3164 qua
780 3088 964 3161 delectetur,
1002 3080 1281 3162 qualemcumqueh

213 3204 338 3250 cansam
363 3193 575 3267 inquisitionis
599 3207 662 3268 qua
685 3192 794 3250 melius
818 3195 1007 3249 exerceatur.
1029 3221 1071 3229 —-
1093 3185 1180 3246 Finit.

1140 3339 1154 3379 ‘¹
1172 3367 1210 3415 oe,
1229 3367 1282 3403 om.

280 3358 293 3384 ³
311 3359 357 3423 Ml,
376 3366 399 3410 et
423 3359 543 3410 mundus.
562 3389 593 3396 -
614 3347 626 3386 b
646 3358 691 3420 ml,
712 3375 762 3409 om.
781 3365 812 3407 et.
832 3387 863 3394 -
883 3355 893 3381 ⁰
912 3373 950 3418 oe,
973 3360 1072 3406 cuncta.
1090 3383 1121 3390 -

212 3442 356 3495 devotione.
375 3475 405 3482 -
425 3443 436 3470 e
454 3460 492 3506 oe,
506 3444 547 3494 isti
558 3444 678 3494 tribuant.
698 3473 728 3482 —-
747 3429 758 3468 f
775 3441 903 3504 oe,eni1n.
921 3468 953 3477 —
972 3438 1038 3502 goe,
1051 3439 1144 3503 cupivi.
1164 3467 1194 3475 -
1215 3421 1282 3496 hoe,

212 3529 418 3594 qualemcunque
434 3534 528 3578 tamen.

856 3632 861 3635 .
869 3632 896 3636 .-
937 3631 943 3636 .
960 3627 1282 3635 ——.-..———-—--·

285 3683 319 3730 ll
337 3681 392 3732 Cor.
413 3681 461 3744 llll,
481 3683 512 3732 25
523 3692 561 3745 sq.
580 3710 611 3717 -
632 3683 642 3716 ²
661 3678 727 3742 Eph.
746 3677 787 3740 lv,
808 3681 848 3731 13.
866 3706 899 3713 —
919 3680 929 3714 3
948 3677 958 3726 l
976 3675 1031 3726 Cor.
1050 3675 1106 3735 XV,
1125 3676 1165 3727 28.
