2768 4552
584 326 793 385 -29-

155 515 261 570 unum,
285 500 347 556 iuni
369 515 430 557 non
453 505 499 556 cst
520 498 704 557 dominicam
728 514 858 558 coelium
881 497 1081 558 munducare.
1130 499 1224 558 Unus·

155 602 283 678 quisque
306 603 384 660 enini
399 618 486 659 suunt
510 617 638 661 coenant
656 601 833 676 proesumit
847 601 890 658 ud
911 601 1170 675 manducandum,
1196 608 1225 661 ct

156 703 238 761 clius
254 702 376 776 quidem
393 692 499 776 esurit,
525 705 606 761 otius
621 710 723 761 autern
739 703 842 762 ebrius
865 708 917 760 est.
954 700 1108 776 Numquid
1122 704 1226 761 dones

156 820 220 864 non
241 805 362 864 iubetis
385 805 428 862 ud
450 805 698 863 manducandum
722 809 753 863 et
774 804 965 863 bibendum?
985 812 1039 862 out
1053 801 1230 864 'ecclesium

155 906 216 966 Dei
238 908 438 980 contemnitis,
463 913 493 965 et
516 906 705 981 confunditis
725 922 785 981 eos,
809 909 945 980 quinon
967 906 1144 966 nuoenc‘1?
1189 906 1227 964 Et

156 1014 230 1084 post
251 1009 348 1068 multa
371 1008 545 1082 subiungit:
577 1009 706 1083 „Itaque
725 1010 849 1083 fratres
871 1010 940 1084 nei,
967 1025 1035 1067 cum
1060 1012 1227 1070 convenitis

157 1111 481 1186 admanducandum,
506 1113 635 1170 inuicem
653 1116 826 1186 expectutc.
872 1111 995 1186 Siquis
1017 1114 1123 1188 esurit,
1145 1111 1229 1170 doni

157 1213 334 1290 manducet,
363 1220 397 1274 ut
424 1231 485 1274 non
513 1218 545 1274 in
572 1215 717 1273 iudiciuin
741 1213 980 1273 conueniutis.“²
1024 1213 1061 1272 Et
1085 1213 1227 1289 superius

158 1314 200 1374 de
222 1315 403 1376 inordinatis
434 1318 589 1377 orantium
617 1316 775 1391 gestibus³
797 1315 976 1391 praemittit:
1015 1317 1102 1390 „Hoc
1126 1323 1228 1376 auten

152 1419 332 1496 praccipio,
355 1435 416 1479 non
433 1421 577 1491 laudans,
602 1420 687 1492 quod
699 1436 762 1479 non
782 1421 814 1478 in
830 1421 947 1492 meiius,
971 1421 1027 1479 sed
1048 1421 1078 1477 in
1093 1419 1229 1477 deterius

158 1522 382 1581 convenitis.“³
432 1520 522 1581 Unde
559 1520 671 1580 beatus
704 1525 793 1596 pater
826 1519 1016 1580 Benedictus
1053 1522 1082 1580 in
1121 1522 1230 1596 regula

158 1622 382 1683 monachorum
412 1624 567 1698 praecipit,
597 1631 632 1684 ut
654 1627 826 1684 oratorium
853 1625 913 1684 noc
938 1627 987 1699 sit,
1021 1626 1229 1702 quatiuntur,

158 1741 217 1785 nec
238 1727 282 1785 ibi
304 1728 471 1801 quicquan
488 1728 575 1786 uliud
594 1732 726 1800 necatur
742 1731 797 1784 out
818 1726 1000 1785 condatur.⁴
1043 1726 1101 1786 Uni
1124 1732 1230 1785 osten*

160 1824 250 1898 ditur,
274 1829 445 1902 culpabiles
469 1825 545 1888 eosb
569 1843 649 1900 esse,
673 1829 726 1903 qui
750 1829 834 1886 nulla
851 1828 1040 1887 necessitate
1064 1828 1161 1887 coacti
1184 1828 1229 1886 in-

160 1927 256 2004 digna
286 1931 327 1991 lbi
357 1931 561 2019 cpmmittunt,
590 1932 641 1990 vel
671 1933 743 1989 loca
765 1936 874 1990 sancta
902 1932 931 1988 in
962 1929 1076 1989 horrca
1099 1936 1130 1988 et
1153 1945 1230 2006 apo·

160 2029 271 2091 thecas
301 2040 497 2106 convertunt,
528 2049 598 2095 cum
626 2034 655 2091 in
686 2032 857 2094 canonibus
885 2048 1011 2108 quoquc
1041 2034 1167 2106 saepius
1191 2033 1231 2091 sit

159 2134 366 2208 interdictum,
391 2153 428 2196 ne
452 2138 481 2194 in
506 2135 648 2196 ecclesiis
672 2135 816 2194 convivia
839 2136 889 2194 vel
913 2136 1043 2210 prandia
1065 2135 1146 2205 fiant,
1171 2135 1230 2193 nisi

161 2237 233 2312 quis
256 2239 374 2298 itineris
397 2239 584 2298 necessitate
609 2243 745 2313 cogatur.

662 2579 731 2648 XII.

331 2716 384 2785 ln
411 2716 538 2785 orontii
561 2716 666 2785 nodis
693 2720 727 2785 et
752 2715 912 2785 distentio
939 2738 1060 2784 oocun.

227 2884 365 2959 Qualiter
380 2891 485 2944 autam
502 2881 654 2944 orandum
679 2885 727 2957 sit,
750 2884 832 2943 idern
847 2890 937 2960 pater
959 2885 1110 2947 brevibus
1126 2883 1232 2943 verbis

162 2992 195 3046 et
216 2986 352 3046 maxime
374 2986 443 3047 istis
468 2989 622 3048 concludit
651 2988 793 3048 dicens⁵z
834 2988 960 3062 „Breuis
984 2995 1014 3047 et
1035 3004 1123 3068 pura
1145 2987 1235 3046 debet

230 3153 243 3180 ⁸
261 3154 309 3214 M1,
326 3156 413 3218 gestis.
433 3185 464 3194 -
484 3142 496 3181 ¹³
515 3170 555 3215 oe,
572 3170 616 3205 eos
634 3154 784 3219 culpabiles.

235 3306 340 3358 ¹lCor.
359 3308 402 3369 XI,
415 3311 514 3374 2llsqq.
532 3337 566 3346 —
585 3311 596 3345 ²
614 3306 692 3358 lCor.
710 3307 750 3371 xl,
769 3310 801 3360 33
820 3313 844 3359 el
862 3311 902 3360 34.
920 3337 955 3347 -
974 3312 985 3347 ³
1003 3307 1080 3358 lCor.
1093 3306 1133 3371 Xl,
1149 3311 1234 3360 17.-

164 3396 177 3430 ⁴
194 3391 295 3456 Regula
308 3409 327 3444 s.
340 3392 433 3444 Bened.
446 3408 468 3445 c.
479 3397 518 3446 52.
538 3421 571 3430 —
590 3398 601 3432 ⁵
619 3393 720 3458 Regula
737 3411 756 3445 s.
769 3393 900 3445 Benedicti
918 3409 956 3458 cp.
966 3392 1019 3442 XX.
1048 3390 1091 3453 „Si
1109 3407 1167 3442 cum
1187 3392 1234 3442 ho·

163 3477 278 3529 minibus
301 3478 447 3542 potentibus
468 3478 591 3529 volumus
609 3479 697 3542 aliqua
713 3493 861 3543 suggerere,
887 3495 938 3529 non
960 3478 1158 3542 praesumimus,
1185 3479 1235 3528 nisi

163 3574 223 3612 cum
244 3560 388 3613 humililate
409 3569 434 3614 el
455 3565 610 3615 reverentia:
632 3568 727 3628 quanto
750 3563 834 3627 magis
852 3561 961 3611 Domino
980 3560 1032 3611 Deo
1055 3564 1235 3614 universorum

164 3661 224 3697 cunr
242 3648 313 3698 omni
331 3647 475 3699 humililate
492 3655 516 3700 el
537 3650 653 3715 puritatis
671 3648 807 3699 devotione
829 3645 1027 3711 supplicandum
1048 3648 1100 3697 est?
1136 3648 1167 3697 Et
1184 3663 1236 3698 non

164 3731 192 3780 in
209 3731 381 3798 multiloquio,
404 3734 491 3785 sedin
510 3736 617 3800 puritate
639 3733 722 3784 cordis
744 3738 769 3783 el
790 3733 984 3796 compunctione
1007 3730 1170 3782 lacrimarum
1190 3749 1236 3783 nos

139 3859 140 3864 ,
164 3816 286 3867 exaudire
304 3818 423 3870 sciamus.
459 3819 489 3869 Et
513 3819 570 3870 ideo
593 3818 679 3870 brevis
704 3818 778 3868 debet
794 3833 849 3867 esse
868 3823 891 3866 et
909 3831 972 3881 pura
990 3816 1082 3878 oratic,
1106 3815 1155 3865 nisi
1174 3816 1236 3866 forte

164 3912 197 3949 ex
214 3899 305 3952 effectu
323 3904 496 3970 inspirationis
514 3904 618 3954 divinae
635 3904 732 3968 gratiae
750 3902 938 3967 protendatur.“
