2768 4552
455 285 799 383 ff-ae-

158 499 321 566 testentur,
350 493 523 554 exteriores
555 493 669 568 ligures
703 494 787 553 cordi
820 510 877 554 suo
908 495 999 570 quasi
1028 496 1147 555 liturist
1173 495 1229 556 im·

157 611 298 673 pressas
343 592 443 669 Ergo.b
473 595 554 656 SIcut
582 598 684 656 omnia
706 597 821 655 munda
844 598 991 670 monost
1023 598 1228 674 coloquinatis

156 702 261 757 autem
285 701 316 756 et
338 696 514 758 infidelibus
539 698 613 758 nihil
642 700 816 771 mundumr,
845 698 918 773 quia
941 695 1136 774 coiquinatad
1158 705 1230 760 sunt

157 815 264 858 eorum
289 806 320 858 et
341 815 430 859 mens
453 805 484 857 et
507 800 705 873 conscientia
729 802 771 860 ita
794 799 882 858 malis
907 816 1016 860 omnes
1039 801 1110 860 viae
1133 800 1229 861 offen·
1320 817 1321 820 ¹

156 901 317 961 sionibuse
343 903 453 978 plenae
477 908 562 974 suut;
591 906 622 960 et
645 902 725 964 sicut
748 901 821 961 boni
844 901 937 961 etiam
961 903 1050 962 malis
1073 902 1160 978 bene,
1184 904 1230 964 sic

157 1003 231 1063 mali
255 1003 347 1062 etiarn
370 1003 462 1063 boni8
485 1005 567 1063 male
590 1008 727 1062 utuntur.

223 1104 274 1164 Sic
310 1106 416 1180 itaque
454 1106 604 1181 imagines
642 1111 674 1164 et
710 1104 850 1180 picturae
887 1103 1050 1165 habendae
1089 1111 1163 1167 sunt
1199 1116 1230 1168 ct

156 1209 319 1281 amandae,
348 1213 383 1269 ut
411 1224 465 1268 nec
495 1210 645 1284 despectu
671 1205 786 1266 utilitas
812 1207 996 1281 adnulletur,
1027 1213 1057 1266 ct
1080 1205 1161 1267 haec
1182 1210 1230 1269 in-

155 1309 334 1369 reverentia
355 1311 385 1369 in
408 1311 553 1386 ipsorum,
578 1326 709 1386 quorum
733 1308 952 1369 similitudines
974 1315 1055 1383 sunt,
1077 1310 1230 1372 redundet

155 1412 307 1484 Iniuriam,
336 1427 393 1471 nec
416 1413 500 1471 cultu
523 1411 724 1472 immoderato
751 1410 823 1470 fidei
846 1411 963 1470 sanitas
987 1414 1176 1489 vulneretur,
1199 1421 1231 1474 et

157 1509 371 1588 corporalibus
395 1515 489 1574 rebus
512 1513 614 1573 honor
631 1513 724 1573 nimie
746 1512 905 1587 impensus
921 1520 1030 1588 arguat
1044 1531 1104 1575 nos
1127 1515 1229 1576 minus

156 1617 306 1706 spiritalia
329 1618 541 1692 contemplari.

665 2007 720 2077 IX.

348 2179 401 2248 De
428 2179 557 2270 templis
584 2182 618 2247 et
641 2177 806 2246 altoribus
833 2179 1040 2248 dedicandis.

222 2381 310 2455 Quod
334 2382 450 2456 templa
468 2381 524 2440 Dei
547 2379 741 2440 dedicatione
765 2380 896 2440 solemni
920 2381 1137 2441 consecranda
1158 2381 1229 2456 sint,

157 2483 311 2559 exemplis
335 2483 531 2557 antiquorum
556 2488 587 2540 et
610 2497 748 2556 congrua
768 2482 888 2543 ratione
912 2482 1074 2557 docemur,
1104 2484 1178 2560 quIa
1199 2492 1229 2544 et

156 2585 254 2645 Jacob
278 2584 456 2661 patriarcha
479 2585 619 2645 erexisse
646 2585 780 2660 lapidem
808 2585 919 2658 legitur
945 2591 975 2645 et
998 2587 1067 2645 oleo
1093 2587 1229 2664 desuper

154 2687 227 2746 fuso
252 2687 380 2748 unxisse
404 2703 474 2747 eum
498 2694 529 2746 ct
550 2703 686 2747 vocasse
714 2687 842 2747 domum
864 2687 929 2759 Dei,
957 2683 1112 2764 itemquef
1134 2706 1229 2767 super

155 2789 255 2848 altare
271 2795 406 2850 erectum
429 2789 591 2850 invocasse
608 2789 807 2864 fortissimum
824 2790 921 2849 Deum
936 2789 1084 2850 israhel.2
1114 2789 1229 2850 Taber-

158 2891 305 2950 naculum
333 2897 436 2951 autem
460 2892 586 2970 Moyses
615 2899 645 2952 et
669 2891 813 2952 Salomon
842 2893 990 2967 templum
1019 2891 1229 2953 celeberrimis

156 2990 410 3054 dedicationibus
432 3009 639 3056 consecrasse
661 2994 830 3068 leguntur³,
856 2995 938 3053 unde
961 2995 992 3052 in
1014 2994 1229 3073 testimonium

156 3094 280 3154 divinae
304 3095 492 3155 ostensionis
513 3104 544 3156 et
565 3096 749 3156 visitationis
771 3096 852 3170 ignis
873 3096 911 3154 de
928 3098 1015 3156 caelo
1033 3096 1229 3156 descendens

155 3195 260 3256 oblata
288 3198 481 3274 consumpsit
515 3205 546 3257 et
580 3214 675 3272 supra
703 3202 868 3272 utramque
899 3199 1026 3257 domum
1057 3197 1162 3257 sumus
1192 3212 1229 3256 ac

158 3296 275 3358 nebula
299 3298 421 3377 divinae
444 3301 645 3377 protectionis
663 3300 814 3377 apparuit.
859 3299 1036 3359 Notandum
1052 3315 1129 3360 vero
1145 3301 1230 3374 quod

157 3416 219 3459 nou
253 3405 371 3461 tantum
405 3402 433 3459 in
469 3401 568 3476 prima
595 3402 826 3462 constructione
854 3403 961 3479 templi
993 3401 1149 3461 dedicatio
1182 3409 1231 3461 cst

226 3566 289 3630 am,
308 3567 403 3617 litteris.
422 3596 457 3605 -
475 3555 487 3595 b
507 3568 552 3631 nl1,
571 3569 657 3632 igitur.
682 3597 716 3606 -
739 3568 814 3633 cM1,
832 3575 869 3619 est
888 3569 1023 3622 mundum.
1047 3597 1080 3606 -

157 3653 284 3716 quinatae.
301 3679 335 3688 -
353 3667 364 3694 e
383 3669 420 3715 oe,
439 3652 594 3704 offensionis.
616 3683 644 3692 —
664 3638 676 3680 f
692 3670 730 3717 oe,
748 3653 876 3718 idemque.

1101 3553 1115 3595 ‘¹
1134 3584 1171 3632 oe,
1189 3569 1229 3618 In-

229 3808 237 3843 ¹
255 3806 304 3857 Tit.
322 3805 339 3868 I,
353 3808 392 3857 15.
411 3805 484 3856 Rom.
498 3804 564 3868 XIV,
579 3810 619 3859 20.
639 3837 670 3845 —
694 3806 806 3858 ²Geues.
819 3805 929 3869 Xxvlll,
945 3808 1023 3872 l8sq.
1041 3805 1124 3870 XXIII,
1138 3808 1179 3859 20.
1198 3836 1229 3846 -
1310 3832 1313 3841 ·

157 3893 168 3928 ³
186 3890 268 3942 uxos.
287 3889 339 3942 xc.
369 3889 399 3940 nr
416 3891 479 3956 aeg.
498 3890 560 3942 vui.
