2768 4552
532 366 744 426 ,67-

104 534 186 612 quae
214 539 389 612 sequuntur
417 534 569 594 addiderit
603 537 652 596 rel
682 537 751 611 ipsa
777 543 896 596 tantum
925 538 1036 611 verba,
1063 538 1093 596 id
1125 543 1173 598 est

102 643 244 696 sanctam
266 638 469 709 sacrificium,
503 639 735 698 immaculatam
757 640 887 711 hostiam
911 654 949 699 co
980 642 1049 701 loco
1079 642 1172 701 inter-

104 739 271 810 miscuerit,
296 740 388 814 quod,
414 739 488 814 quia
511 740 675 801 manifeste
698 758 760 802 non
784 740 923 813 legimus,
947 742 1092 801 nolumus
1117 743 1174 802 dil-

102 841 219 902 finires.
256 840 303 899 Ex
326 839 387 901 hoc
409 846 511 899 tamen
535 848 672 917 apparet,
697 842 891 916 Gregorium‚
915 843 969 917 qui
984 844 1076 918 longe
1100 851 1173 920 post

102 943 235 1003 Leonem
259 942 325 1014 tuit,
353 959 413 1002 non
444 947 542 1002 totum
566 959 719 1004 canonem
748 943 787 1002 ab
810 959 846 1002 eo
869 945 937 1004 loco
961 961 1022 1021 quo
1045 961 1105 1006 sua
1128 947 1172 1005 in-

102 1045 201 1106 seruit
240 1062 343 1121 usque
378 1045 408 1102 in
442 1044 535 1103 finem
562 1045 790 1121 composuisse.
850 1044 1016 1119 Gregorius
1051 1048 1172 1119 deinde,

102 1149 211 1208 tertius
236 1147 378 1206 eiusdem
395 1147 529 1208 nominis
546 1162 636 1223 papa,
660 1148 776 1207 faciens
795 1147 966 1206 oratorium
989 1148 1019 1207 in
1042 1149 1173 1210 basilica

101 1250 184 1310 beati
215 1250 291 1308 Petri
327 1250 355 1306 in
387 1248 536 1310 honorem
568 1249 704 1309 omnium
740 1255 918 1309 sanctorum
954 1256 985 1309 et
1018 1251 1173 1310 cotidiana

102 1354 216 1412 ibidem
241 1351 343 1410 officia
366 1367 402 1410 ac
424 1353 542 1410 missas
565 1352 719 1411 incorum
736 1353 966 1412 venerationem
980 1354 1173 1423 constituens

103 1455 253 1515 celebrari
276 1455 392 1529 pariter
415 1454 546 1512 instituit
568 1454 596 1511 in
622 1469 781 1514 canonae
802 1455 966 1514 sacerdote
987 1455 1171 1515 dicendum:

103 1573 236 1632 quoram
257 1557 438 1616 solemnitas
460 1556 552 1614 lodie
575 1556 605 1614 tn
621 1562 788 1630 conspectu
812 1561 885 1615 tuae
900 1559 1070 1616 malestatis
1091 1558 1174 1616 eele-

102 1660 222 1729 brotur,
245 1658 374 1717 Domine
395 1658 478 1716 Deus
499 1663 613 1730 noster,
639 1663 699 1718 toto
723 1660 754 1717 r'n
774 1659 848 1717 orte
866 1661 1054 1729 terrerent
1079 1659 1172 1736 quod,

103 1761 177 1837 quia
209 1760 388 1836 specialiter
419 1759 458 1816 a'd
492 1758 575 1817 iliam
608 1760 742 1834 pertinet
774 1760 998 1830 celebritatem,
1032 1777 1095 1821 non
1124 1767 1171 1822 est

103 1862 231 1931 canoni,
256 1862 308 1937 qui
338 1860 526 1935 generaliter
552 1861 677 1931 dicitur,
705 1862 899 1923 adnotatum.
944 1863 1034 1921 Aetio
1063 1863 1174 1921 dicitur

101 1967 170 2042 ipse
193 1979 310 2036 canon,
334 1963 409 2039 quia
438 1963 465 2022 in
489 1977 526 2021 eo
555 1969 752 2023 sacramenta
780 1963 985 2024 conficiuntur
1008 1963 1172 2034 dominica,

102 2083 202 2128 canon
225 2082 299 2127 vero
329 2066 438 2126 eadem
469 2065 547 2124 actio
571 2067 762 2138 nominatur,
786 2066 860 2142 quia
883 2061 940 2124 eab
963 2071 1013 2125 est
1035 2066 1173 2139 legitima
1224 2099 1228 2108 ·

102 2175 134 2230 et
166 2169 321 2243 regularis
362 2173 629 2227 sacramentorum
669 2167 830 2227 conlectio.
893 2165 1040 2243 Sequitur
1071 2173 1173 2228 oratio

101 2273 259 2332 dominica
298 2287 369 2330 cum
406 2269 653 2345 appositionibus
681 2270 847 2344 congruis:
875 2286 937 2329 una
967 2271 1047 2329 enirn
1084 2286 1174 2345 prae-

102 2374 217 2434 cedens
246 2388 313 2432 eam
343 2371 490 2431 fiduciam
520 2370 692 2446 praedicat,
722 2387 785 2447 qua
807 2371 974 2431 Dominum
999 2379 1172 2432 creatorem

101 2483 222 2550 patrem
251 2475 355 2534 dicere
382 2488 637 2548 praesumamus3
665 2474 766 2533 altera
793 2474 994 2549 subsequens
1026 2475 1169 2550 explicat,

102 2578 261 2655 quomodo
299 2584 329 2635 et
358 2591 377 2634 a
407 2574 521 2650 quibus
556 2574 645 2634 malis
678 2591 733 2650 per
762 2575 923 2634 Dominum
957 2591 1016 2637 nos
1046 2577 1171 2636 liberari

102 2687 258 2757 petamus.
297 2679 383 2753 Quae
407 2678 505 2736 oratio
529 2676 691 2746 dominica,
716 2677 789 2754 quia
811 2677 899 2751 prius
924 2693 1019 2753 quarn
1046 2683 1173 2747 caetera

526 2882 540 2921 b

171 2896 183 2923 ³
202 2896 225 2946 Μ
244 2900 269 2946 et
286 2912 323 2959 oe,
343 2895 457 2946 definire.
476 2923 508 2932 -
560 2911 598 2955 oe,
616 2895 642 2944 in
661 2909 699 2944 ea.

105 3083 255 3143 secundam,
268 3097 334 3148 quae
346 3083 445 3148 incipit:
465 3081 565 3148 „Supra
577 3096 643 3147 quae
653 3081 792 3145 propitio“;
810 3086 835 3132 et
846 3097 876 3132 ea
888 3082 1000 3133 Leonem
1013 3084 1173 3148 apposuisse,

101 3168 197 3220 conicit
208 3166 365 3229 Duchenius,
384 3173 486 3233 propter
498 3165 644 3217 Manicheos
661 3165 815 3217 declarando
828 3181 920 3231 panem
933 3171 959 3217 et
971 3168 1070 3229 vinum,
1088 3166 1174 3218 oblata

102 3254 173 3318 regis
191 3252 224 3304 de
243 3251 339 3312 Salem,
358 3251 425 3302 dona
443 3257 538 3302 sancta.

176 3341 184 3374 ¹
203 3335 341 3401 Gregorius
359 3336 397 3387 ill.
416 3351 483 3401 papa
501 3337 648 3396 tet-ren
675 3334 732 3396 „hic
756 3337 813 3387 lecit
837 3337 994 3386 oratorium.
1010 3375 1015 3386 .
1031 3373 1057 3385 ..
1075 3338 1102 3386 in
1121 3351 1174 3402 quo

103 3421 246 3474 recondivit
278 3421 305 3470 in
336 3421 434 3472 honore
461 3419 601 3471 Salvatoris
627 3424 780 3486 sanctaeque
806 3421 862 3472 eius
891 3421 1025 3486 genetricis
1052 3418 1175 3486 reliquias

102 3510 250 3558 sanctorum
262 3505 436 3569 apostolorum
449 3504 492 3557 vel
504 3506 622 3556 omnium
634 3511 780 3557 senatorum
793 3509 936 3573 martyrum
949 3520 978 3556 ac
990 3506 1175 3566 confessorum,

102 3591 275 3658 perfectorum
294 3589 432 3655 iustorum,
457 3595 508 3641 toto
534 3591 561 3641 in
579 3591 640 3642 orbe
656 3596 781 3642 terrarum
799 3592 1023 3656 requiescentium.
1060 3591 1174 3653 Quorum

102 3677 168 3728 festa
185 3674 335 3740 vigiliarum
349 3690 364 3725 a
377 3674 510 3725 monachis
521 3677 599 3727 trium
613 3676 824 3727 monasteriorum
838 3675 892 3726 illic
905 3676 1071 3726 servientium
1083 3675 1185 3746 cotidie

103 3778 149 3828 per
171 3759 289 3811 ordinem
312 3762 447 3811 existentia
469 3765 545 3826 atque
567 3760 744 3811 nataliciorum
769 3761 861 3810 missas
879 3761 905 3808 in
923 3760 1014 3810 eodem
1033 3760 1090 3810 loco
1108 3758 1176 3809 cele-

102 3847 186 3909 brare,
208 3845 344 3897 instituens
366 3847 393 3896 in
415 3860 512 3896 canone
534 3846 568 3894 ita
586 3861 600 3895 a
618 3843 748 3896 sacerdote
769 3843 919 3894 dicendum:
945 3843 1061 3908 Quorum
1079 3845 1175 3896 solem·

103 3933 176 3983 nitas
193 3933 255 3984 etc.⁴‘
293 3929 373 3981 Duch.
392 3928 409 3993 I,
422 3932 479 3982 417.

937 4015 974 4068 5*
