2768 4552
589 305 800 390 7⁷1·-

163 474 246 533 nullo
270 481 409 550 tempore
432 480 503 533 ante
526 473 622 534 horae
638 475 746 534 tertiae
763 491 889 534 cursum
912 476 995 536 ullus
1019 484 1232 551 praesumeret

163 577 279 637 missas
315 576 490 654 celebrare,
524 592 587 652 qua
620 576 696 637 hora
728 578 879 637 Dominus
914 585 1019 638 noster
1057 578 1230 639 secundum

164 679 261 738 Marci
274 680 470 753 evangelium
483 681 493 722 ¹
506 678 670 738 crucifixus
683 681 842 740 asseritur.
867 680 948 738 Inter
957 677 1037 739 haec
1050 682 1230 756 notandum,

162 797 264 856 neque
291 781 491 840 ieiunandum
522 783 552 840 in
583 782 745 842 dominicis
773 789 803 842 et
829 781 916 842 lestis
946 780 1131 851 maioribuS,
1159 781 1231 841 ubia

162 898 224 942 non
255 884 337 958 cogit
363 885 553 962 necessitas,
583 885 663 944 sicut
693 889 723 944 et
746 864 882 945 canones
909 884 1090 955 ostendunt,
1120 885 1229 943 necin

163 986 274 1048 diebus
313 987 494 1046 ieiuniorum
530 987 582 1046 nel
618 1001 754 1062 unquam
793 993 865 1062 post
902 987 1061 1046 meridiem
1100 1003 1228 1062 ymnum

161 1090 347 1165 angelicum,
378 1090 409 1147 id
437 1096 485 1149 est
509 1089 618 1150 Gloria
640 1091 672 1148 ln
694 1091 826 1149 excelsis
847 1089 912 1149 Deo
943 1091 992 1148 vel
1017 1089 1154 1149 Alleluia
1183 1089 1231 1148 di-

162 1193 310 1267 cendum,
339 1192 396 1251 nisi
425 1193 454 1251 in
483 1190 606 1252 duobus
635 1190 774 1251 sabbatis
803 1189 939 1264 paschae
963 1196 992 1250 et
1021 1197 1229 1267 pentecostes

162 1310 243 1368 quae
267 1295 456 1370 specialibus
480 1292 636 1370 mysteriis
661 1292 860 1352 adornantur.

638 1653 747 1721 XXV.

425 1825 477 1892 De
502 1825 600 1892 ousta·
617 1829 651 1890 el
675 1821 818 1891 aestibus
842 1823 963 1890 coorto.

223 2025 310 2085 Vasa
332 2042 469 2103 quoque,
492 2028 607 2104 quibus
632 2027 798 2101 praecipue
821 2032 929 2086 nostra
947 2031 1145 2084 sacramenta
1168 2024 1225 2081 im-

159 2135 316 2200 ponuntur
343 2137 374 2189 et
403 2136 639 2202 consecrantur,
669 2129 780 2187 calices
804 2134 877 2186 sunt
900 2135 930 2185 et
953 2136 1093 2202 patenae.
1138 2125 1226 2186 Galix

160 2230 270 2289 dicitur
292 2247 310 2291 a
334 2247 458 2308 graeco,
483 2231 565 2306 quod
590 2228 657 2290 estb
673 2228 770 2303 κῦλιξ;
792 2234 938 2302 patenae
958 2227 1118 2305 patendol,
1142 2227 1223 2303 quod

227 2429 291 2493 ἠ),
310 2433 354 2481 uti.
374 2458 405 2467 —
427 2419 439 2458 t
457 2447 495 2493 oe,
513 2446 527 2479 a
546 2445 637 2494 graeco
656 2431 768 2481 nomine.

158 2600 262 2652 Damasi
283 2617 349 2667 pape
372 2602 443 2653 urbis
465 2602 562 2653 Romae
586 2617 600 2651 a
623 2602 781 2668 Hieronymo
805 2601 962 2668 presbytero.
1006 2600 1094 2651 Frater
1117 2606 1141 2652 et
1162 2615 1223 2650 con·

156 2685 289 2753 presbyter
306 2692 391 2737 noster
409 2686 578 2753 Hieronyme!
602 2687 664 2752 quid
686 2687 731 2737 tibi
756 2687 858 2737 videtur
879 2685 911 2736 de
930 2685 970 2736 die
988 2692 1075 2736 saneto
1094 2686 1225 2736 dominico
1306 2737 1309 2742 ,

157 2771 266 2836 qualiter
283 2771 419 2822 sollemnia
438 2773 574 2823 missarum
593 2787 669 2837 agere
688 2772 811 2823 debemus
823 2775 866 2821 aut
878 2770 910 2822 de
921 2770 979 2821 aliis
991 2771 1088 2833 diebus,
1101 2769 1185 2836 qualis
1194 2769 1227 2837 (l)

157 2855 227 2907 horis
245 2862 282 2908 est
299 2857 397 2908 licitum
417 2854 562 2908 celebrare?
588 2857 664 2922 Resp.
683 2858 787 2908 Hieron.
816 2855 923 2906 Domine
941 2860 964 2906 et
982 2854 1130 2906 dulcissime
1142 2857 1226 2919 pater!

155 2941 202 2992 tibi
220 2943 314 2993 veritas
332 2943 437 2993 minime
455 2947 492 2993 est
510 2943 635 2994 absconsa
659 2942 759 3010 synodo
778 2941 862 2992 niceni
880 2940 981 2991 concilii
999 2955 1058 2991 cum
1076 2942 1124 2992 318
1142 2944 1225 3003 patres

157 3027 267 3091 qualiter
288 3028 357 3092 apud
379 3030 449 3093 ipsos
472 3035 510 3081 est
531 3032 679 3092 inventum,
701 3027 773 3092 quod
795 3026 822 3075 in
846 3026 887 3076 die
909 3025 1038 3076 dominico
1062 3024 1150 3074 nullus
1167 3028 1224 3088 post

156 3109 247 3162 horam
261 3112 311 3164 diei
321 3115 421 3164 tertiam
434 3115 571 3166 sollemnia
586 3115 721 3165 missarum
734 3127 811 3177 agere
823 3115 954 3176 presumat
965 3115 988 3161 et
1000 3110 1224 3170 denuntiaverunt,

156 3196 226 3262 quod
244 3198 289 3263 qui
306 3205 444 3263 presumat,
462 3200 656 3263 anathemasti,
675 3205 699 3250 et
716 3198 773 3248 aliis
791 3213 852 3247 vero
871 3195 961 3248 diebus
977 3195 1010 3245 V.
1029 3194 1072 3243 Vl.
1089 3192 1143 3242 Vll.
1156 3189 1223 3244 Vlll.

155 3279 220 3331 hora
241 3297 292 3332 non
315 3284 475 3336 celebrentur
496 3285 633 3336 sollemnia
655 3283 805 3343 missarum,
827 3279 891 3331 alias
912 3295 973 3330 vero
996 3279 1043 3329 has
1061 3278 1160 3329 licitum
1178 3281 1224 3330 est.

155 3364 226 3430 Papa
245 3367 319 3418 dixit:
338 3362 497 3434 reclum'est‚
516 3370 585 3436 quod
603 3369 713 3420 dixisti.‘⁴

229 3455 236 3488 ¹
257 3452 332 3504 Marc.
349 3453 404 3518 XV,
418 3457 458 3508 25.
477 3453 509 3525 ἦν
526 3453 554 3506 δὲ
574 3455 631 3524 ὥρα
649 3450 736 3524 τρίτη,
754 3452 800 3502 καὶ
819 3450 989 3520 ἐσταύρωσαν
1008 3445 1098 3500 αὐτόν.
1124 3446 1222 3498 Secun-

155 3535 219 3585 dum
245 3537 366 3590 loannem
392 3538 463 3604 (XIX,
478 3543 520 3605 14)
547 3540 629 3592 stabat
654 3539 723 3590 lesus
749 3538 813 3589 hora
838 3541 909 3586 sexta
934 3535 961 3584 in
988 3533 1113 3598 praetorio
1139 3532 1223 3584 Pilati.

156 3620 225 3672 Haec
243 3621 385 3673 differentia
403 3623 475 3674 haud
488 3625 590 3676 difficile
602 3622 748 3676 concordari
761 3624 848 3686 potest.
866 3649 899 3656 —
919 3621 930 3655 ²
947 3618 1002 3668 Hoc
1014 3632 1117 3683 quoque
1129 3632 1224 3669 nomen

154 3707 248 3757 rectius
266 3724 281 3758 a
303 3723 395 3771 graeco
420 3708 529 3759 derivari
552 3714 645 3775 potest,
668 3706 774 3775 πατάνη
792 3730 827 3748 =
844 3702 944 3769 patella.
979 3703 1014 3753 De
1032 3702 1224 3766 Archaeologia

154 3791 241 3842 calicis
264 3798 287 3843 et
309 3797 415 3857 patenae
437 3794 481 3844 etr.
505 3793 605 3855 Helela,
632 3795 750 3858 Beitrltge
769 3792 801 3855 ll,
821 3805 845 3853 p.
865 3791 914 3840 322
925 3802 980 3853 sqq.
1024 3787 1119 3849 Krflussr
1148 3786 1225 3837 Real·

155 3874 360 3944 Encyclopaedie
379 3893 398 3928 s.
417 3894 441 3928 v.
459 3878 548 3942 Kelch‚
566 3879 660 3931 Patene
679 3879 848 3942 ll‚161.595.
