2768 4552
691 313 878 371 „g-

251 483 434 543 ductoribus
465 484 545 553 suis,
577 499 636 541 non
666 484 764 543 solum
794 483 992 558 exipsorum
1017 477 1118 553 libris,
1147 481 1318 542 sedetiam

250 602 290 645 ex
328 580 454 645 divinae
492 586 665 660 scripturae
701 586 889 647 testimoniis
927 585 1142 660 agnoscimus
1179 585 1253 658 quia
1289 592 1320 643 et

248 689 398 762 templum
430 688 540 762 Dagon
575 687 602 746 ln
631 688 782 751 samuele.
808 689 971 761 legimus1‚
1003 694 1033 745 et
1064 702 1171 760 regem
1199 685 1319 745 Senna-

250 789 398 851 cheribus
414 789 443 847 in
462 791 574 864 templo
588 789 750 852 Nescracll'
761 789 981 862 trucidatum2;
998 788 1175 847 Danielema
1193 802 1319 862 quoque

249 893 279 951 in
305 892 420 967 templo
442 891 526 950 Belis
557 893 845 952 sacerdotnmeius
869 890 1016 967 strophas
1039 889 1320 966 deprehendisse33

250 1002 281 1054 et
304 993 493 1053 Antiochum
516 995 716 1070 reliquiarum
740 995 845 1070 populi
865 994 921 1053 Dei
945 1000 1176 1068 persecutorem
1201 992 1321 1067 gravis-

250 1096 364 1156 simum
397 1100 427 1154 et
457 1096 576 1171 templi,
611 1095 696 1170 quod
727 1102 807 1177 post
828 1095 1041 1154 reversionem
1073 1095 1111 1154 de
1143 1093 1320 1169 captivitate

251 1198 485 1260 reaedificatum
515 1203 576 1269 est,
603 1198 785 1256 violatorem
815 1199 844 1255 in
873 1198 988 1273 templo
1017 1197 1134 1256 Noniae
1162 1195 1319 1257 corruisse

252 1301 495 1377 cognoscimus4‚
508 1305 540 1359 et
551 1301 648 1358 multa
658 1301 727 1374 alia,
740 1298 853 1374 quibus
867 1299 1058 1378 approbatur
1075 1299 1158 1374 quod
1176 1299 1318 1359 dicimus

252 1403 402 1462 Nolumus
439 1409 540 1462 autem
572 1402 610 1461 de
643 1402 729 1461 libris
758 1418 952 1478 paganorum
982 1401 1121 1461 eiusdem
1151 1403 1195 1461 rei
1223 1407 1318 1460 testes

250 1503 444 1576 adsciscere,
477 1521 516 1563 ne
553 1503 631 1563 inter
664 1504 895 1564 ecclesiasticae
935 1503 1159 1564 aedificationis
1195 1504 1319 1579 eloquia

250 1606 374 1666 lectoris
399 1606 532 1665 animum
556 1606 714 1666 inutilibus
738 1607 849 1666 sabulis
873 1621 1071 1681 occupemus

770 1982 807 2050 ll.

253 2145 411 2232 Qualiter
437 2151 619 2240 religiones
644 2152 799 2220 da'aarsaa
824 2173 861 2218 se
888 2152 1025 2219 tra-cicant
1054 2152 1200 2219 imitatae
1225 2145 1321 2236 stati,

354 2267 496 2357 etquid
520 2290 685 2337 commane
711 2269 900 2349 tabuerint,
930 2252 1012 2360 qaid
1037 2271 1213 2338 diversam.

317 2467 356 2527 Et
382 2469 490 2544 primis
519 2469 645 2544 quidem
675 2471 868 2546 temporibus
893 2483 954 2531 tam
985 2488 1079 2531 veros
1102 2471 1159 2530 Dei
1188 2471 1321 2531 cultores

253 2586 347 2646 quarn
372 2573 467 2630 etiam
490 2571 677 2632 daemonum
700 2582 903 2634 veneratores
925 2575 954 2632 in
978 2574 1055 2633 locis
1077 2575 1223 2649 congruis
1245 2589 1322 2633 suae

254 2672 421 2749 religionis,
436 2675 551 2733 cultum
576 2673 633 2733 sub
658 2674 730 2734 divo
754 2676 933 2736 celebrasse
956 2676 1145 2737 credendum
1162 2680 1219 2733 est.
1259 2675 1322 2734 Sed

254 2775 328 2851 quia
354 2776 525 2836 daemones
552 2773 729 2836 hominibus
761 2783 1002 2853 persuaserunt,
1036 2777 1066 2834 in
1102 2778 1320 2838 contumeliam

254 2878 401 2936 creatoris
425 2880 590 2952 imaginant
606 2880 852 2954 incorruptibilis
866 2880 932 2952 Det,
957 2881 986 2937 tn
1008 2880 1233 2938 similitudinem
1251 2896 1321 2938 cor-

256 2979 415 3055 ruptibilis
437 2979 565 3039 bominis
587 2989 617 3041 at
638 2985 808 3055 volucrunt,
834 2986 865 3039 et
885 2982 1120 3056 quadrupedum
1145 2988 1175 3041 et
1194 2997 1322 3057 serpen-

256 3083 345 3141 titanc
358 3087 556 3157 commutare,
573 3091 603 3142 et
618 3086 735 3143 seruire
751 3090 920 3144 creaturae
930 3086 1036 3157 potins
1051 3100 1143 3158 quam
1156 3084 1321 3152 creatora,
1336 3066 1340 3071 ¹

254 3215 324 3223 e—-—
352 3218 398 3222 .—

322 3279 335 3305 ³
354 3279 410 3332 S.G.
429 3281 589 3334 Danihelem.
609 3312 638 3320 -
659 3270 671 3310 b
691 3281 746 3333 S.G.
765 3287 832 3333 sunt.
851 3311 882 3321 -
902 3281 912 3308 ⁰
930 3299 967 3345 oe,
986 3289 1142 3348 serpentum.

326 3471 334 3505 ¹
348 3468 357 3517 l
368 3469 431 3532 Reg.
441 3468 496 3530 V,2
507 3484 562 3534 sqq.
576 3498 607 3504 —
624 3471 634 3504 ²
646 3468 681 3517 lV
692 3469 755 3533 Reg.
765 3468 830 3531 XIX,
841 3471 881 3520 37.
906 3469 1021 3522 Nesroch
1032 3470 1219 3534 representabat
1227 3485 1323 3519 numen

254 3569 403 3619 supremum
422 3557 581 3623 Assyrorum
595 3560 618 3605 et
634 3555 765 3607 colebatur
777 3553 824 3605 sub
842 3556 925 3620 figura
938 3555 1046 3621 aquilae.
1060 3585 1091 3592 -
1106 3558 1117 3593 ³
1135 3554 1198 3604 Dan.
1208 3553 1276 3604 XIV.
1290 3581 1322 3592 -

255 3639 305 3688 ⁴ll
322 3639 436 3691 Mechab.
455 3640 473 3699 l,
488 3642 596 3694 13-16.
621 3669 655 3677 —
687 3641 788 3691 ⁶Rom.
806 3639 874 3703 l‚23.
910 3641 941 3690 Et
964 3645 1128 3691 mutaverunt
1150 3639 1260 3704 gloriam
1282 3642 1323 3689 in·

253 3725 425 3789 corruptibilis
443 3724 489 3775 Dei
509 3727 535 3775 in
554 3722 749 3775 similitudinem
767 3725 888 3789 imaginis
907 3725 1076 3789 corruptibilis
1087 3724 1200 3775 hominis
1212 3730 1235 3775 et
1247 3723 1322 3774 volu-

254 3824 326 3859 crum
344 3813 368 3860 et
378 3809 575 3874 quadrupedum
590 3813 613 3860 et
626 3809 789 3874 serpentium.
825 3812 856 3861 25
867 3847 873 3860 .
885 3848 892 3863 .
902 3815 926 3860 et
944 3810 1086 3860 servierunt
1099 3814 1227 3859 creaturae
1238 3809 1323 3874 potius

253 3907 331 3957 quam
349 3895 461 3960 creatori.
