<?xml version="1.0" encoding="UTF-8"?>
<!DOCTYPE html PUBLIC "-//W3C//DTD XHTML 1.0 Transitional//EN"
    "http://www.w3.org/TR/xhtml1/DTD/xhtml1-transitional.dtd">
<html xmlns="http://www.w3.org/1999/xhtml" xml:lang="en" lang="en">
 <head>
  <title>
</title>
<meta http-equiv="Content-Type" content="text/html;charset=utf-8" />
  <meta name='ocr-system' content='tesseract 3.04.00' />
  <meta name='ocr-capabilities' content='ocr_page ocr_carea ocr_par ocr_line ocrx_word'/>
</head>
<body>
  <div class='ocr_page' id='page_1' title='image "./liberdeexordiis00walagoog/liberdeexordiis00walagoog_0013.png"; bbox 0 0 2768 4552; ppageno 0'>
   <div class='ocr_carea' id='block_1_1' title="bbox 557 357 822 403">
    <p class='ocr_par' dir='ltr' id='par_1_1' title="bbox 557 357 822 403">
     <span class='ocr_line' id='line_1_1' title="bbox 557 357 822 403; baseline -0.004 -6"><span class='ocrx_word' id='word_1_1' title='bbox 557 357 822 403; x_wconf 46' lang='lat' dir='ltr'>.-X—</span> 
     </span>
    </p>
   </div>
   <div class='ocr_carea' id='block_1_2' title="bbox 188 514 1261 1514">
    <p class='ocr_par' dir='ltr' id='par_1_2' title="bbox 190 514 1260 695">
     <span class='ocr_line' id='line_1_2' title="bbox 254 514 1260 595; baseline 0.008 -22"><span class='ocrx_word' id='word_1_2' title='bbox 254 515 298 573; x_wconf 87' lang='lat' dir='ltr'>De</span> <span class='ocrx_word' id='word_1_3' title='bbox 321 514 422 574; x_wconf 90' lang='lat' dir='ltr'>libello</span> <span class='ocrx_word' id='word_1_4' title='bbox 446 517 515 593; x_wconf 90' lang='lat' dir='ltr'>ipso</span> <span class='ocrx_word' id='word_1_5' title='bbox 540 523 706 593; x_wconf 83' lang='lat' dir='ltr'>postquam</span> <span class='ocrx_word' id='word_1_6' title='bbox 731 517 866 576; x_wconf 88' lang='lat' dir='ltr'>breviter</span> <span class='ocrx_word' id='word_1_7' title='bbox 889 518 968 577; x_wconf 89' lang='lat' dir='ltr'>haec</span> <span class='ocrx_word' id='word_1_8' title='bbox 988 521 1197 595; x_wconf 71' lang='lat' dir='ltr'>exposuimus</span> <span class='ocrx_word' id='word_1_9' title='bbox 1222 524 1260 581; x_wconf 88' lang='lat' dir='ltr'>de</span> 
     </span>
     <span class='ocr_line' id='line_1_3' title="bbox 190 617 1084 695; baseline 0.004 -20"><span class='ocrx_word' id='word_1_10' title='bbox 190 618 328 677; x_wconf 88' lang='lat' dir='ltr'>auctoris</span> <span class='ocrx_word' id='word_1_11' title='bbox 352 617 468 676; x_wconf 79' lang='lat' dir='ltr'>vitaer</span> <span class='ocrx_word' id='word_1_12' title='bbox 492 617 638 691; x_wconf 85' lang='lat' dir='ltr'>operibus</span> <span class='ocrx_word' id='word_1_13' title='bbox 661 618 780 678; x_wconf 81' lang='lat' dir='ltr'>addere</span> <span class='ocrx_word' id='word_1_14' title='bbox 804 621 958 695; x_wconf 87' lang='lat' dir='ltr'>quaedam</span> <span class='ocrx_word' id='word_1_15' title='bbox 984 621 1084 681; x_wconf 89' lang='lat' dir='ltr'>liceat.</span> 
     </span>
    </p>

    <p class='ocr_par' dir='ltr' id='par_1_3' title="bbox 188 717 1261 1514">
     <span class='ocr_line' id='line_1_4' title="bbox 252 717 1261 800; baseline 0.007 -24"><span class='ocrx_word' id='word_1_16' title='bbox 252 717 444 780; x_wconf 85' lang='lat' dir='ltr'>Walalridus</span> <span class='ocrx_word' id='word_1_17' title='bbox 457 723 475 792; x_wconf 84' lang='lat'>¹,</span> <span class='ocrx_word' id='word_1_18' title='bbox 499 719 682 794; x_wconf 80' lang='lat' dir='ltr'>cognomine</span> <span class='ocrx_word' id='word_1_19' title='bbox 700 720 829 783; x_wconf 87' lang='lat' dir='ltr'>Strabus</span> <span class='ocrx_word' id='word_1_20' title='bbox 853 738 910 781; x_wconf 89' lang='lat' dir='ltr'>seu</span> <span class='ocrx_word' id='word_1_21' title='bbox 931 722 1072 800; x_wconf 80' lang='lat' dir='ltr'>strab02,</span> <span class='ocrx_word' id='word_1_22' title='bbox 1097 731 1188 786; x_wconf 85' lang='lat' dir='ltr'>natus</span> <span class='ocrx_word' id='word_1_23' title='bbox 1212 733 1261 786; x_wconf 99' lang='grc' dir='ltr'>θεῖ</span> 
     </span>
     <span class='ocr_line' id='line_1_5' title="bbox 189 820 1258 901; baseline 0.007 -22"><span class='ocrx_word' id='word_1_24' title='bbox 189 822 276 881; x_wconf 85' lang='lat' dir='ltr'>circa</span> <span class='ocrx_word' id='word_1_25' title='bbox 294 838 409 882; x_wconf 88' lang='lat' dir='ltr'>annum</span> <span class='ocrx_word' id='word_1_26' title='bbox 433 820 516 880; x_wconf 81' lang='lat'>808³</span> <span class='ocrx_word' id='word_1_27' title='bbox 540 836 579 879; x_wconf 86' lang='lat' dir='ltr'>ex</span> <span class='ocrx_word' id='word_1_28' title='bbox 602 820 715 895; x_wconf 91' lang='lat' dir='ltr'>bumili,</span> <span class='ocrx_word' id='word_1_29' title='bbox 740 824 771 882; x_wconf 93' lang='lat' dir='ltr'>id</span> <span class='ocrx_word' id='word_1_30' title='bbox 796 830 843 883; x_wconf 89' lang='lat' dir='ltr'>est</span> <span class='ocrx_word' id='word_1_31' title='bbox 866 841 926 883; x_wconf 94' lang='lat' dir='ltr'>non</span> <span class='ocrx_word' id='word_1_32' title='bbox 943 824 1035 884; x_wconf 92' lang='lat' dir='ltr'>nobili</span> <span class='ocrx_word' id='word_1_33' title='bbox 1060 828 1205 901; x_wconf 67' lang='lat' dir='ltr'>lamilial,</span> <span class='ocrx_word' id='word_1_34' title='bbox 1230 831 1258 886; x_wconf 93' lang='lat' dir='ltr'>in</span> 
     </span>
     <span class='ocr_line' id='line_1_6' title="bbox 189 924 1259 1001; baseline 0.007 -19"><span class='ocrx_word' id='word_1_35' title='bbox 189 929 270 982; x_wconf 89' lang='lat' dir='ltr'>terra</span> <span class='ocrx_word' id='word_1_36' title='bbox 287 926 508 983; x_wconf 84' lang='lat' dir='ltr'>alamannica.⁵</span> <span class='ocrx_word' id='word_1_37' title='bbox 551 925 614 982; x_wconf 87' lang='lat' dir='ltr'>Iam</span> <span class='ocrx_word' id='word_1_38' title='bbox 639 924 737 1001; x_wconf 91' lang='lat' dir='ltr'>prima</span> <span class='ocrx_word' id='word_1_39' title='bbox 757 933 858 984; x_wconf 88' lang='lat' dir='ltr'>aetate</span> <span class='ocrx_word' id='word_1_40' title='bbox 881 936 914 984; x_wconf 92' lang='lat' dir='ltr'>ut</span> <span class='ocrx_word' id='word_1_41' title='bbox 936 927 1045 988; x_wconf 91' lang='lat' dir='ltr'>litteris</span> <span class='ocrx_word' id='word_1_42' title='bbox 1069 929 1259 989; x_wconf 85' lang='lat' dir='ltr'>imbueretur</span> 
     </span>
     <span class='ocr_line' id='line_1_7' title="bbox 189 1024 1258 1104; baseline 0.006 -20"><span class='ocrx_word' id='word_1_43' title='bbox 189 1024 328 1086; x_wconf 90' lang='lat' dir='ltr'>scholam</span> <span class='ocrx_word' id='word_1_44' title='bbox 353 1027 427 1085; x_wconf 90' lang='lat' dir='ltr'>adiit</span> <span class='ocrx_word' id='word_1_45' title='bbox 448 1026 626 1086; x_wconf 86' lang='lat' dir='ltr'>monasterii</span> <span class='ocrx_word' id='word_1_46' title='bbox 651 1028 807 1100; x_wconf 79' lang='lat' dir='ltr'>augiensis</span> <span class='ocrx_word' id='word_1_47' title='bbox 832 1028 862 1086; x_wconf 92' lang='lat' dir='ltr'>id</span> <span class='ocrx_word' id='word_1_48' title='bbox 884 1030 1032 1104; x_wconf 91' lang='lat' dir='ltr'>temporis</span> <span class='ocrx_word' id='word_1_49' title='bbox 1056 1031 1258 1103; x_wconf 84' lang='lat' dir='ltr'>celeberrimi,</span> 
     </span>
     <span class='ocr_line' id='line_1_8' title="bbox 189 1127 1258 1206; baseline 0.007 -21"><span class='ocrx_word' id='word_1_50' title='bbox 189 1139 218 1186; x_wconf 90' lang='lat' dir='ltr'>et</span> <span class='ocrx_word' id='word_1_51' title='bbox 241 1127 293 1186; x_wconf 89' lang='lat' dir='ltr'>vix</span> <span class='ocrx_word' id='word_1_52' title='bbox 309 1128 485 1202; x_wconf 90' lang='lat' dir='ltr'>quindecim</span> <span class='ocrx_word' id='word_1_53' title='bbox 502 1144 602 1188; x_wconf 93' lang='lat' dir='ltr'>annos</span> <span class='ocrx_word' id='word_1_54' title='bbox 619 1137 713 1188; x_wconf 86' lang='lat' dir='ltr'>natus</span> <span class='ocrx_word' id='word_1_55' title='bbox 730 1129 875 1190; x_wconf 89' lang='lat' dir='ltr'>addictus</span> <span class='ocrx_word' id='word_1_56' title='bbox 896 1138 943 1190; x_wconf 87' lang='lat' dir='ltr'>est</span> <span class='ocrx_word' id='word_1_57' title='bbox 965 1134 1094 1206; x_wconf 88' lang='lat' dir='ltr'>regulae</span> <span class='ocrx_word' id='word_1_58' title='bbox 1118 1151 1141 1193; x_wconf 92' lang='lat' dir='ltr'>s.</span> <span class='ocrx_word' id='word_1_59' title='bbox 1159 1135 1258 1194; x_wconf 91' lang='lat' dir='ltr'>Bene-</span> 
     </span>
     <span class='ocr_line' id='line_1_9' title="bbox 188 1230 1258 1307; baseline 0.007 -19"><span class='ocrx_word' id='word_1_60' title='bbox 188 1230 259 1288; x_wconf 84' lang='lat' dir='ltr'>dicti</span> <span class='ocrx_word' id='word_1_61' title='bbox 287 1230 315 1287; x_wconf 93' lang='lat' dir='ltr'>in</span> <span class='ocrx_word' id='word_1_62' title='bbox 340 1232 450 1291; x_wconf 90' lang='lat' dir='ltr'>eodem</span> <span class='ocrx_word' id='word_1_63' title='bbox 475 1231 662 1291; x_wconf 91' lang='lat' dir='ltr'>monasterio</span> <span class='ocrx_word' id='word_1_64' title='bbox 690 1240 840 1307; x_wconf 87' lang='lat' dir='ltr'>regnante</span> <span class='ocrx_word' id='word_1_65' title='bbox 864 1231 966 1292; x_wconf 89' lang='lat' dir='ltr'>adhuc</span> <span class='ocrx_word' id='word_1_66' title='bbox 990 1235 1120 1295; x_wconf 88' lang='lat' dir='ltr'>Hattone</span> <span class='ocrx_word' id='word_1_67' title='bbox 1144 1237 1258 1296; x_wconf 86' lang='lat' dir='ltr'>abbate</span> 
     </span>
     <span class='ocr_line' id='line_1_10' title="bbox 188 1332 1257 1408; baseline 0.007 -17"><span class='ocrx_word' id='word_1_68' title='bbox 188 1332 393 1407; x_wconf 83' lang='grc'><strong>(806-823).</strong></span> <span class='ocrx_word' id='word_1_69' title='bbox 438 1332 495 1390; x_wconf 89' lang='lat' dir='ltr'>Hic</span> <span class='ocrx_word' id='word_1_70' title='bbox 525 1332 689 1408; x_wconf 88' lang='lat' dir='ltr'>diligenter</span> <span class='ocrx_word' id='word_1_71' title='bbox 719 1336 888 1395; x_wconf 91' lang='lat' dir='ltr'>instructus</span> <span class='ocrx_word' id='word_1_72' title='bbox 920 1342 968 1395; x_wconf 87' lang='lat' dir='ltr'>est</span> <span class='ocrx_word' id='word_1_73' title='bbox 994 1337 1187 1398; x_wconf 90' lang='lat' dir='ltr'>Walalridus</span> <span class='ocrx_word' id='word_1_74' title='bbox 1218 1342 1257 1399; x_wconf 89' lang='lat' dir='ltr'>ab</span> 
     </span>
     <span class='ocr_line' id='line_1_11' title="bbox 188 1432 1255 1514; baseline 0.005 -21"><span class='ocrx_word' id='word_1_75' title='bbox 188 1434 360 1504; x_wconf 84' lang='lat' dir='ltr'>Erlebaldo,</span> <span class='ocrx_word' id='word_1_76' title='bbox 384 1432 531 1506; x_wconf 86' lang='lat' dir='ltr'>Wettino,</span> <span class='ocrx_word' id='word_1_77' title='bbox 561 1435 689 1495; x_wconf 88' lang='lat' dir='ltr'>Tattone</span> <span class='ocrx_word' id='word_1_78' title='bbox 719 1444 749 1494; x_wconf 89' lang='lat' dir='ltr'>et</span> <span class='ocrx_word' id='word_1_79' title='bbox 773 1437 949 1498; x_wconf 90' lang='lat' dir='ltr'>Grimoaldo</span> <span class='ocrx_word' id='word_1_80' title='bbox 977 1441 1133 1514; x_wconf 87' lang='lat' dir='ltr'>magistris</span> <span class='ocrx_word' id='word_1_81' title='bbox 1145 1443 1163 1513; x_wconf 75' lang='grc'>6,</span> <span class='ocrx_word' id='word_1_82' title='bbox 1193 1450 1255 1500; x_wconf 87' lang='lat' dir='ltr'>tam</span> 
     </span>
    </p>
   </div>
   <div class='ocr_carea' id='block_1_3' title="bbox 186 1563 389 1570">
    <p class='ocr_par' dir='ltr' id='par_1_4' title="bbox 186 1563 389 1570">
     <span class='ocr_line' id='line_1_12' title="bbox 186 1563 389 1570; baseline -0.01 0"><span class='ocrx_word' id='word_1_83' title='bbox 186 1563 389 1570; x_wconf 58' lang='lat'>*—</span> 
     </span>
    </p>
   </div>
   <div class='ocr_carea' id='block_1_4' title="bbox 176 1617 1256 3977">
    <p class='ocr_par' dir='ltr' id='par_1_5' title="bbox 256 1617 1256 1686">
     <span class='ocr_line' id='line_1_13' title="bbox 256 1617 1256 1686; baseline 0.006 -20"><span class='ocrx_word' id='word_1_84' title='bbox 256 1617 373 1668; x_wconf 86' lang='lat' dir='ltr'>1Plures</span> <span class='ocrx_word' id='word_1_85' title='bbox 396 1619 495 1670; x_wconf 90' lang='lat' dir='ltr'>codices</span> <span class='ocrx_word' id='word_1_86' title='bbox 522 1621 591 1685; x_wconf 87' lang='lat' dir='ltr'>iique</span> <span class='ocrx_word' id='word_1_87' title='bbox 614 1622 770 1686; x_wconf 85' lang='lat' dir='ltr'>antiquiores</span> <span class='ocrx_word' id='word_1_88' title='bbox 794 1626 898 1670; x_wconf 88' lang='lat' dir='ltr'>utuntur</span> <span class='ocrx_word' id='word_1_89' title='bbox 924 1622 1005 1670; x_wconf 83' lang='lat' dir='ltr'>forma</span> <span class='ocrx_word' id='word_1_90' title='bbox 1028 1620 1205 1672; x_wconf 88' lang='lat' dir='ltr'>Walahlridus</span> <span class='ocrx_word' id='word_1_91' title='bbox 1233 1628 1256 1672; x_wconf 92' lang='lat' dir='ltr'>et</span> 
     </span>
    </p>

    <p class='ocr_par' dir='ltr' id='par_1_6' title="bbox 184 1701 1256 2010">
     <span class='ocr_line' id='line_1_14' title="bbox 185 1701 1256 1764; baseline 0.004 -12"><span class='ocrx_word' id='word_1_92' title='bbox 185 1701 380 1764; x_wconf 88' lang='lat' dir='ltr'>Walahlredus;</span> <span class='ocrx_word' id='word_1_93' title='bbox 411 1708 495 1753; x_wconf 90' lang='lat' dir='ltr'>noster</span> <span class='ocrx_word' id='word_1_94' title='bbox 525 1709 610 1754; x_wconf 88' lang='lat' dir='ltr'>autem</span> <span class='ocrx_word' id='word_1_95' title='bbox 640 1705 720 1756; x_wconf 86' lang='lat' dir='ltr'>codex</span> <span class='ocrx_word' id='word_1_96' title='bbox 747 1704 795 1759; x_wconf 88' lang='lat' dir='ltr'>SG.</span> <span class='ocrx_word' id='word_1_97' title='bbox 824 1721 848 1754; x_wconf 94' lang='lat' dir='ltr'>n.</span> <span class='ocrx_word' id='word_1_98' title='bbox 868 1708 917 1757; x_wconf 86' lang='grc'>446</span> <span class='ocrx_word' id='word_1_99' title='bbox 944 1705 1047 1756; x_wconf 86' lang='lat' dir='ltr'>exhibet</span> <span class='ocrx_word' id='word_1_100' title='bbox 1074 1705 1256 1757; x_wconf 86' lang='lat' dir='ltr'>Walolridum.</span> 
     </span>
     <span class='ocr_line' id='line_1_15' title="bbox 185 1787 1255 1853; baseline 0.003 -16"><span class='ocrx_word' id='word_1_101' title='bbox 185 1787 278 1838; x_wconf 86' lang='lat' dir='ltr'>Walah</span> <span class='ocrx_word' id='word_1_102' title='bbox 306 1788 357 1839; x_wconf 92' lang='lat' dir='ltr'>ahd</span> <span class='ocrx_word' id='word_1_103' title='bbox 383 1813 418 1831; x_wconf 94' lang='lat'><strong><em>=</em></strong></span> <span class='ocrx_word' id='word_1_104' title='bbox 442 1790 605 1853; x_wconf 85' lang='lat' dir='ltr'>peregrinus;</span> <span class='ocrx_word' id='word_1_105' title='bbox 637 1789 704 1839; x_wconf 88' lang='lat' dir='ltr'>iridu</span> <span class='ocrx_word' id='word_1_106' title='bbox 730 1814 765 1831; x_wconf 93' lang='lat'><strong><em>=</em></strong></span> <span class='ocrx_word' id='word_1_107' title='bbox 789 1805 848 1853; x_wconf 83' lang='lat' dir='ltr'>pax.</span> <span class='ocrx_word' id='word_1_108' title='bbox 893 1790 986 1853; x_wconf 87' lang='lat' dir='ltr'>Aptius</span> <span class='ocrx_word' id='word_1_109' title='bbox 1012 1794 1097 1839; x_wconf 88' lang='lat' dir='ltr'>autem</span> <span class='ocrx_word' id='word_1_110' title='bbox 1131 1790 1255 1841; x_wconf 86' lang='lat' dir='ltr'>adhibeas</span> 
     </span>
     <span class='ocr_line' id='line_1_16' title="bbox 184 1872 1253 1934; baseline 0 -9"><span class='ocrx_word' id='word_1_111' title='bbox 184 1876 288 1925; x_wconf 83' lang='lat' dir='ltr'>fortasse</span> <span class='ocrx_word' id='word_1_112' title='bbox 315 1873 377 1925; x_wconf 84' lang='lat' dir='ltr'>alin.</span> <span class='ocrx_word' id='word_1_113' title='bbox 403 1875 452 1925; x_wconf 83' lang='lat' dir='ltr'>frid</span> <span class='ocrx_word' id='word_1_114' title='bbox 475 1898 509 1916; x_wconf 93' lang='lat'><strong><em>=</em></strong></span> <span class='ocrx_word' id='word_1_115' title='bbox 532 1880 689 1933; x_wconf 84' lang='lat' dir='ltr'>mansuetus,</span> <span class='ocrx_word' id='word_1_116' title='bbox 717 1875 850 1924; x_wconf 76' lang='lat' dir='ltr'>formosus.</span> <span class='ocrx_word' id='word_1_117' title='bbox 896 1872 944 1923; x_wconf 77' lang='lat' dir='ltr'>(rr.</span> <span class='ocrx_word' id='word_1_118' title='bbox 968 1873 1147 1934; x_wconf 84' lang='lat' dir='ltr'>Fdrstemann,</span> <span class='ocrx_word' id='word_1_119' title='bbox 1174 1873 1253 1925; x_wconf 87' lang='lat' dir='ltr'>allhd.</span> 
     </span>
     <span class='ocr_line' id='line_1_17' title="bbox 184 1957 719 2010; baseline 0.004 -2"><span class='ocrx_word' id='word_1_120' title='bbox 184 1957 352 2010; x_wconf 89' lang='lat' dir='ltr'>Namenbuch</span> <span class='ocrx_word' id='word_1_121' title='bbox 371 1959 387 2010; x_wconf 91' lang='grc' dir='ltr'>Ι.</span> <span class='ocrx_word' id='word_1_122' title='bbox 407 1957 433 2009; x_wconf 87' lang='lat' dir='ltr'>S.</span> <span class='ocrx_word' id='word_1_123' title='bbox 451 1960 498 2010; x_wconf 91' lang='grc'><strong>421</strong></span> <span class='ocrx_word' id='word_1_124' title='bbox 520 1965 544 2009; x_wconf 88' lang='lat' dir='ltr'>et</span> <span class='ocrx_word' id='word_1_125' title='bbox 564 1961 689 2010; x_wconf 72' lang='grc'><strong>12211-</strong></span> <span class='ocrx_word' id='word_1_126' title='bbox 709 1961 719 1995; x_wconf 80' lang='lat'><strong>2</strong></span> 
     </span>
    </p>

    <p class='ocr_par' dir='ltr' id='par_1_7' title="bbox 336 2042 1037 2108">
     <span class='ocr_line' id='line_1_18' title="bbox 336 2042 1037 2108; baseline -0.007 -13"><span class='ocrx_word' id='word_1_127' title='bbox 336 2046 423 2096; x_wconf 78' lang='lat' dir='ltr'>Edidit</span> <span class='ocrx_word' id='word_1_128' title='bbox 440 2045 503 2095; x_wconf 90' lang='lat' dir='ltr'>haec</span> <span class='ocrx_word' id='word_1_129' title='bbox 522 2043 635 2108; x_wconf 86' lang='lat' dir='ltr'>Strabus,</span> <span class='ocrx_word' id='word_1_130' title='bbox 654 2044 807 2108; x_wconf 89' lang='lat' dir='ltr'>parvissima</span> <span class='ocrx_word' id='word_1_131' title='bbox 824 2043 905 2106; x_wconf 90' lang='lat' dir='ltr'>portio</span> <span class='ocrx_word' id='word_1_132' title='bbox 924 2042 1037 2103; x_wconf 79' lang='lat' dir='ltr'>fratrum,</span> 
     </span>
    </p>

    <p class='ocr_par' dir='ltr' id='par_1_8' title="bbox 336 2127 923 2196">
     <span class='ocr_line' id='line_1_19' title="bbox 336 2127 923 2196; baseline -0.007 -16"><span class='ocrx_word' id='word_1_133' title='bbox 336 2132 423 2195; x_wconf 82' lang='lat' dir='ltr'>Augia</span> <span class='ocrx_word' id='word_1_134' title='bbox 441 2145 505 2196; x_wconf 90' lang='lat' dir='ltr'>quos</span> <span class='ocrx_word' id='word_1_135' title='bbox 523 2130 616 2179; x_wconf 87' lang='lat' dir='ltr'>vestris</span> <span class='ocrx_word' id='word_1_136' title='bbox 631 2129 717 2178; x_wconf 88' lang='lat' dir='ltr'>insula</span> <span class='ocrx_word' id='word_1_137' title='bbox 735 2127 780 2177; x_wconf 90' lang='lat' dir='ltr'>alit</span> <span class='ocrx_word' id='word_1_138' title='bbox 797 2127 923 2192; x_wconf 87' lang='lat' dir='ltr'>precibus.</span> 
     </span>
    </p>

    <p class='ocr_par' dir='ltr' id='par_1_9' title="bbox 337 2211 1048 2280">
     <span class='ocr_line' id='line_1_20' title="bbox 337 2211 1048 2280; baseline -0.003 -15"><span class='ocrx_word' id='word_1_139' title='bbox 337 2215 488 2266; x_wconf 83' lang='lat' dir='ltr'>Strabonem</span> <span class='ocrx_word' id='word_1_140' title='bbox 508 2229 666 2280; x_wconf 84' lang='lat' dir='ltr'>quamquam</span> <span class='ocrx_word' id='word_1_141' title='bbox 684 2212 821 2263; x_wconf 90' lang='lat' dir='ltr'>dicendum</span> <span class='ocrx_word' id='word_1_142' title='bbox 840 2211 1048 2275; x_wconf 65' lang='lat' dir='ltr'>regnicolarum,</span> 
     </span>
    </p>

    <p class='ocr_par' dir='ltr' id='par_1_10' title="bbox 181 2296 1252 2523">
     <span class='ocr_line' id='line_1_21' title="bbox 336 2296 968 2364; baseline -0.003 -14"><span class='ocrx_word' id='word_1_143' title='bbox 336 2299 455 2351; x_wconf 87' lang='lat' dir='ltr'>Strabum</span> <span class='ocrx_word' id='word_1_144' title='bbox 475 2317 516 2350; x_wconf 92' lang='lat' dir='ltr'>me</span> <span class='ocrx_word' id='word_1_145' title='bbox 533 2301 587 2364; x_wconf 89' lang='lat' dir='ltr'>ipse</span> <span class='ocrx_word' id='word_1_146' title='bbox 605 2297 664 2348; x_wconf 86' lang='lat' dir='ltr'>volo</span> <span class='ocrx_word' id='word_1_147' title='bbox 683 2298 774 2358; x_wconf 83' lang='lat' dir='ltr'>dicere,</span> <span class='ocrx_word' id='word_1_148' title='bbox 795 2296 900 2347; x_wconf 87' lang='lat' dir='ltr'>Strabus</span> <span class='ocrx_word' id='word_1_149' title='bbox 918 2313 968 2348; x_wconf 91' lang='lat' dir='ltr'>ero.</span> 
     </span>
     <span class='ocr_line' id='line_1_22' title="bbox 182 2381 1252 2450; baseline 0.002 -18"><span class='ocrx_word' id='word_1_150' title='bbox 182 2383 226 2433; x_wconf 89' lang='lat' dir='ltr'>Ad</span> <span class='ocrx_word' id='word_1_151' title='bbox 244 2382 422 2436; x_wconf 91' lang='lat' dir='ltr'>Grimualdum</span> <span class='ocrx_word' id='word_1_152' title='bbox 440 2387 540 2450; x_wconf 81' lang='lat' dir='ltr'>magist.</span> <span class='ocrx_word' id='word_1_153' title='bbox 559 2385 645 2446; x_wconf 86' lang='lat' dir='ltr'>Mignc</span> <span class='ocrx_word' id='word_1_154' title='bbox 663 2388 680 2432; x_wconf 91' lang='lat' dir='ltr'>t.</span> <span class='ocrx_word' id='word_1_155' title='bbox 696 2384 752 2442; x_wconf 89' lang='grc'><strong>114,</strong></span> <span class='ocrx_word' id='word_1_156' title='bbox 771 2398 794 2446; x_wconf 88' lang='lat' dir='ltr'>p.</span> <span class='ocrx_word' id='word_1_157' title='bbox 809 2383 882 2434; x_wconf 82' lang='lat'>1095.</span> <span class='ocrx_word' id='word_1_158' title='bbox 900 2411 934 2418; x_wconf 96' lang='lat'><em>-</em></span> <span class='ocrx_word' id='word_1_159' title='bbox 954 2387 965 2420; x_wconf 84' lang='lat'>³</span> <span class='ocrx_word' id='word_1_160' title='bbox 982 2381 1147 2448; x_wconf 83' lang='lat' dir='ltr'>Epitaphium</span> <span class='ocrx_word' id='word_1_161' title='bbox 1162 2384 1252 2434; x_wconf 88' lang='lat' dir='ltr'>Wala-</span> 
     </span>
     <span class='ocr_line' id='line_1_23' title="bbox 181 2469 583 2523; baseline 0 -5"><span class='ocrx_word' id='word_1_162' title='bbox 181 2469 240 2518; x_wconf 85' lang='lat' dir='ltr'>iridi</span> <span class='ocrx_word' id='word_1_163' title='bbox 257 2471 361 2523; x_wconf 84' lang='lat' dir='ltr'>exhibet</span> <span class='ocrx_word' id='word_1_164' title='bbox 378 2471 448 2521; x_wconf 92' lang='lat' dir='ltr'>hunc</span> <span class='ocrx_word' id='word_1_165' title='bbox 466 2485 583 2521; x_wconf 89' lang='lat' dir='ltr'>versum:</span> 
     </span>
    </p>

    <p class='ocr_par' dir='ltr' id='par_1_11' title="bbox 334 2552 1059 2618">
     <span class='ocr_line' id='line_1_24' title="bbox 334 2552 1059 2618; baseline -0.003 -14"><span class='ocrx_word' id='word_1_166' title='bbox 334 2555 424 2605; x_wconf 87' lang='lat' dir='ltr'>Lustra</span> <span class='ocrx_word' id='word_1_167' title='bbox 441 2557 478 2606; x_wconf 89' lang='lat' dir='ltr'>tui</span> <span class='ocrx_word' id='word_1_168' title='bbox 495 2556 593 2606; x_wconf 81' lang='lat' dir='ltr'>fuerant</span> <span class='ocrx_word' id='word_1_169' title='bbox 612 2569 663 2604; x_wconf 93' lang='lat' dir='ltr'>non</span> <span class='ocrx_word' id='word_1_170' title='bbox 681 2552 740 2617; x_wconf 91' lang='lat' dir='ltr'>plus</span> <span class='ocrx_word' id='word_1_171' title='bbox 758 2567 837 2618; x_wconf 87' lang='lat' dir='ltr'>quam</span> <span class='ocrx_word' id='word_1_172' title='bbox 855 2554 977 2616; x_wconf 89' lang='lat' dir='ltr'>temporis</span> <span class='ocrx_word' id='word_1_173' title='bbox 995 2557 1059 2615; x_wconf 86' lang='lat' dir='ltr'>oclo,</span> 
     </span>
    </p>

    <p class='ocr_par' dir='ltr' id='par_1_12' title="bbox 176 2635 1249 3977">
     <span class='ocr_line' id='line_1_25' title="bbox 334 2635 972 2701; baseline -0.008 -10"><span class='ocrx_word' id='word_1_174' title='bbox 334 2639 440 2701; x_wconf 82' lang='lat' dir='ltr'>Quando</span> <span class='ocrx_word' id='word_1_175' title='bbox 460 2643 595 2690; x_wconf 86' lang='lat' dir='ltr'>immatura</span> <span class='ocrx_word' id='word_1_176' title='bbox 613 2654 681 2688; x_wconf 92' lang='lat' dir='ltr'>mors</span> <span class='ocrx_word' id='word_1_177' title='bbox 699 2639 812 2687; x_wconf 88' lang='lat' dir='ltr'>animam</span> <span class='ocrx_word' id='word_1_178' title='bbox 831 2635 972 2700; x_wconf 76' lang='lat' dir='ltr'>expulerat.</span> 
     </span>
     <span class='ocr_line' id='line_1_26' title="bbox 180 2721 1249 2789; baseline -0.004 -17"><span class='ocrx_word' id='word_1_179' title='bbox 180 2721 214 2773; x_wconf 89' lang='lat' dir='ltr'>M.</span> <span class='ocrx_word' id='word_1_180' title='bbox 228 2721 257 2776; x_wconf 89' lang='lat' dir='ltr'>G.</span> <span class='ocrx_word' id='word_1_181' title='bbox 275 2730 341 2787; x_wconf 87' lang='lat' dir='ltr'>poet.</span> <span class='ocrx_word' id='word_1_182' title='bbox 355 2725 397 2776; x_wconf 85' lang='lat' dir='ltr'>lai.</span> <span class='ocrx_word' id='word_1_183' title='bbox 410 2724 437 2787; x_wconf 92' lang='lat' dir='ltr'>ll,</span> <span class='ocrx_word' id='word_1_184' title='bbox 456 2740 481 2789; x_wconf 91' lang='lat' dir='ltr'>p.</span> <span class='ocrx_word' id='word_1_185' title='bbox 494 2728 551 2777; x_wconf 84' lang='lat'>423.</span> <span class='ocrx_word' id='word_1_186' title='bbox 588 2723 655 2776; x_wconf 88' lang='lat' dir='ltr'>Obiit</span> <span class='ocrx_word' id='word_1_187' title='bbox 672 2731 755 2774; x_wconf 87' lang='lat' dir='ltr'>autem</span> <span class='ocrx_word' id='word_1_188' title='bbox 776 2723 819 2771; x_wconf 91' lang='lat' dir='ltr'>W.</span> <span class='ocrx_word' id='word_1_189' title='bbox 840 2723 878 2773; x_wconf 84' lang='lat'>18.</span> <span class='ocrx_word' id='word_1_190' title='bbox 892 2724 961 2786; x_wconf 79' lang='lat' dir='ltr'>Aug.</span> <span class='ocrx_word' id='word_1_191' title='bbox 978 2723 1036 2775; x_wconf 88' lang='grc'><strong>849.</strong></span> <span class='ocrx_word' id='word_1_192' title='bbox 1072 2722 1100 2771; x_wconf 90' lang='lat' dir='ltr'>ln</span> <span class='ocrx_word' id='word_1_193' title='bbox 1118 2722 1249 2786; x_wconf 89' lang='lat' dir='ltr'>prooemio</span> 
     </span>
     <span class='ocr_line' id='line_1_27' title="bbox 179 2802 1248 2872; baseline -0.006 -14"><span class='ocrx_word' id='word_1_194' title='bbox 179 2809 301 2858; x_wconf 88' lang='lat' dir='ltr'>carminis</span> <span class='ocrx_word' id='word_1_195' title='bbox 324 2810 414 2870; x_wconf 84' lang='lat' dir='ltr'>„Visio</span> <span class='ocrx_word' id='word_1_196' title='bbox 437 2810 558 2860; x_wconf 89' lang='lat' dir='ltr'>Wettini“</span> <span class='ocrx_word' id='word_1_197' title='bbox 583 2809 697 2872; x_wconf 89' lang='lat' dir='ltr'>inscripti</span> <span class='ocrx_word' id='word_1_198' title='bbox 720 2806 878 2857; x_wconf 87' lang='lat' dir='ltr'>Walalridus</span> <span class='ocrx_word' id='word_1_199' title='bbox 901 2807 954 2870; x_wconf 89' lang='lat' dir='ltr'>ipse</span> <span class='ocrx_word' id='word_1_200' title='bbox 982 2807 1102 2865; x_wconf 83' lang='lat' dir='ltr'>affirmat,</span> <span class='ocrx_word' id='word_1_201' title='bbox 1130 2819 1157 2854; x_wconf 88' lang='lat' dir='ltr'>se</span> <span class='ocrx_word' id='word_1_202' title='bbox 1184 2802 1248 2853; x_wconf 91' lang='lat' dir='ltr'>illud</span> 
     </span>
     <span class='ocr_line' id='line_1_28' title="bbox 180 2888 1249 2959; baseline -0.004 -17"><span class='ocrx_word' id='word_1_203' title='bbox 180 2906 332 2957; x_wconf 91' lang='lat' dir='ltr'>componere</span> <span class='ocrx_word' id='word_1_204' title='bbox 352 2896 412 2959; x_wconf 84' lang='lat' dir='ltr'>„qui</span> <span class='ocrx_word' id='word_1_205' title='bbox 429 2909 494 2959; x_wconf 88' lang='lat' dir='ltr'>pene</span> <span class='ocrx_word' id='word_1_206' title='bbox 512 2900 630 2944; x_wconf 85' lang='lat' dir='ltr'>octavum</span> <span class='ocrx_word' id='word_1_207' title='bbox 649 2894 778 2944; x_wconf 88' lang='lat' dir='ltr'>decimum</span> <span class='ocrx_word' id='word_1_208' title='bbox 802 2893 854 2955; x_wconf 83' lang='lat' dir='ltr'>iam</span> <span class='ocrx_word' id='word_1_209' title='bbox 875 2907 972 2941; x_wconf 89' lang='lat' dir='ltr'>annum</span> <span class='ocrx_word' id='word_1_210' title='bbox 991 2891 1125 2953; x_wconf 86' lang='lat' dir='ltr'>transegi.“</span> <span class='ocrx_word' id='word_1_211' title='bbox 1162 2888 1249 2952; x_wconf 88' lang='lat' dir='ltr'>Migne</span> 
     </span>
     <span class='ocr_line' id='line_1_29' title="bbox 180 2975 1247 3043; baseline -0.006 -16"><span class='ocrx_word' id='word_1_212' title='bbox 180 2975 197 3026; x_wconf 95' lang='lat' dir='ltr'>l.</span> <span class='ocrx_word' id='word_1_213' title='bbox 216 2993 238 3030; x_wconf 85' lang='lat' dir='ltr'>e.</span> <span class='ocrx_word' id='word_1_214' title='bbox 256 2994 280 3043; x_wconf 93' lang='lat' dir='ltr'>p.</span> <span class='ocrx_word' id='word_1_215' title='bbox 295 2980 368 3042; x_wconf 87' lang='grc'><strong>1064,</strong></span> <span class='ocrx_word' id='word_1_216' title='bbox 387 2978 420 3028; x_wconf 90' lang='lat' dir='ltr'>M.</span> <span class='ocrx_word' id='word_1_217' title='bbox 434 2979 462 3030; x_wconf 89' lang='lat' dir='ltr'>G.</span> <span class='ocrx_word' id='word_1_218' title='bbox 475 2995 499 3043; x_wconf 91' lang='lat' dir='ltr'>p.</span> <span class='ocrx_word' id='word_1_219' title='bbox 513 2979 531 3030; x_wconf 86' lang='lat' dir='ltr'>l.</span> <span class='ocrx_word' id='word_1_220' title='bbox 543 2979 571 3038; x_wconf 89' lang='lat' dir='ltr'>ll,</span> <span class='ocrx_word' id='word_1_221' title='bbox 590 2996 614 3043; x_wconf 91' lang='lat' dir='ltr'>p.</span> <span class='ocrx_word' id='word_1_222' title='bbox 628 2981 684 3030; x_wconf 86' lang='lat'>303.</span> <span class='ocrx_word' id='word_1_223' title='bbox 720 2976 787 3028; x_wconf 92' lang='lat' dir='ltr'>Illud</span> <span class='ocrx_word' id='word_1_224' title='bbox 806 2983 890 3028; x_wconf 86' lang='lat' dir='ltr'>autem</span> <span class='ocrx_word' id='word_1_225' title='bbox 909 2991 1000 3040; x_wconf 89' lang='lat' dir='ltr'>poema</span> <span class='ocrx_word' id='word_1_226' title='bbox 1012 2990 1063 3024; x_wconf 92' lang='lat' dir='ltr'>non</span> <span class='ocrx_word' id='word_1_227' title='bbox 1081 2978 1138 3022; x_wconf 84' lang='lat' dir='ltr'>anie</span> <span class='ocrx_word' id='word_1_228' title='bbox 1151 2988 1247 3022; x_wconf 90' lang='lat' dir='ltr'>annum</span> 
     </span>
     <span class='ocr_line' id='line_1_30' title="bbox 180 3057 1248 3127; baseline -0.006 -12"><span class='ocrx_word' id='word_1_229' title='bbox 180 3063 230 3115; x_wconf 87' lang='grc'>826</span> <span class='ocrx_word' id='word_1_230' title='bbox 256 3065 426 3127; x_wconf 88' lang='lat' dir='ltr'>compositum</span> <span class='ocrx_word' id='word_1_231' title='bbox 452 3081 516 3125; x_wconf 85' lang='lat' dir='ltr'>esse,</span> <span class='ocrx_word' id='word_1_232' title='bbox 542 3064 697 3115; x_wconf 87' lang='lat' dir='ltr'>demonstrat</span> <span class='ocrx_word' id='word_1_233' title='bbox 724 3062 817 3114; x_wconf 81' lang='lat' dir='ltr'>Ebert:</span> <span class='ocrx_word' id='word_1_234' title='bbox 853 3062 903 3123; x_wconf 92' lang='lat' dir='ltr'>„Zu</span> <span class='ocrx_word' id='word_1_235' title='bbox 931 3061 976 3111; x_wconf 86' lang='lat' dir='ltr'>der</span> <span class='ocrx_word' id='word_1_236' title='bbox 1002 3057 1248 3122; x_wconf 83' lang='lat' dir='ltr'>chensgeschichtc</span> 
     </span>
     <span class='ocr_line' id='line_1_31' title="bbox 180 3141 1247 3208; baseline 0 -14"><span class='ocrx_word' id='word_1_237' title='bbox 180 3147 306 3198; x_wconf 86' lang='lat' dir='ltr'>Walalrid</span> <span class='ocrx_word' id='word_1_238' title='bbox 325 3146 461 3208; x_wconf 83' lang='lat' dir='ltr'>Strabo&#39;s“‚</span> <span class='ocrx_word' id='word_1_239' title='bbox 478 3151 505 3200; x_wconf 90' lang='lat' dir='ltr'>in</span> <span class='ocrx_word' id='word_1_240' title='bbox 523 3148 638 3200; x_wconf 91' lang='lat' dir='ltr'>Berichte</span> <span class='ocrx_word' id='word_1_241' title='bbox 656 3148 718 3199; x_wconf 83' lang='lat' dir='ltr'>iiber</span> <span class='ocrx_word' id='word_1_242' title='bbox 736 3147 777 3198; x_wconf 90' lang='lat' dir='ltr'>die</span> <span class='ocrx_word' id='word_1_243' title='bbox 790 3144 1011 3207; x_wconf 87' lang='lat' dir='ltr'>Verhandlungen</span> <span class='ocrx_word' id='word_1_244' title='bbox 1030 3141 1074 3193; x_wconf 90' lang='lat' dir='ltr'>der</span> <span class='ocrx_word' id='word_1_245' title='bbox 1092 3141 1146 3206; x_wconf 72' lang='lat' dir='ltr'>ingl.</span> <span class='ocrx_word' id='word_1_246' title='bbox 1164 3141 1247 3194; x_wconf 79' lang='lat' dir='ltr'>stichs</span> 
     </span>
     <span class='ocr_line' id='line_1_32' title="bbox 179 3219 1247 3298; baseline -0.003 -17"><span class='ocrx_word' id='word_1_247' title='bbox 179 3230 346 3282; x_wconf 87' lang='lat' dir='ltr'>Gesellschatt</span> <span class='ocrx_word' id='word_1_248' title='bbox 368 3233 412 3284; x_wconf 90' lang='lat' dir='ltr'>der</span> <span class='ocrx_word' id='word_1_249' title='bbox 431 3234 507 3285; x_wconf 91' lang='lat' dir='ltr'>WW.</span> <span class='ocrx_word' id='word_1_250' title='bbox 530 3251 561 3286; x_wconf 89' lang='lat' dir='ltr'>zu</span> <span class='ocrx_word' id='word_1_251' title='bbox 579 3234 693 3298; x_wconf 82' lang='lat' dir='ltr'>Leipzig.</span> <span class='ocrx_word' id='word_1_252' title='bbox 719 3234 758 3285; x_wconf 90' lang='lat'>30.</span> <span class='ocrx_word' id='word_1_253' title='bbox 777 3219 923 3289; x_wconf 69' lang='grc'><strong>11111818,</strong></span> <span class='ocrx_word' id='word_1_254' title='bbox 942 3233 964 3280; x_wconf 88' lang='grc'>2.</span> <span class='ocrx_word' id='word_1_255' title='bbox 983 3227 1074 3278; x_wconf 83' lang='lat' dir='ltr'>Abtbl.</span> <span class='ocrx_word' id='word_1_256' title='bbox 1093 3225 1119 3276; x_wconf 90' lang='lat' dir='ltr'>S.</span> <span class='ocrx_word' id='word_1_257' title='bbox 1140 3229 1195 3279; x_wconf 90' lang='lat'>101.</span> <span class='ocrx_word' id='word_1_258' title='bbox 1214 3256 1247 3263; x_wconf 93' lang='lat'><em>-</em></span> 
     </span>
     <span class='ocr_line' id='line_1_33' title="bbox 180 3312 1247 3376; baseline -0.006 -11"><span class='ocrx_word' id='word_1_259' title='bbox 180 3321 191 3353; x_wconf 76' lang='lat'>⁴</span> <span class='ocrx_word' id='word_1_260' title='bbox 209 3316 238 3366; x_wconf 88' lang='lat' dir='ltr'>ln</span> <span class='ocrx_word' id='word_1_261' title='bbox 256 3318 368 3368; x_wconf 85' lang='lat' dir='ltr'>carmine</span> <span class='ocrx_word' id='word_1_262' title='bbox 386 3318 418 3368; x_wconf 88' lang='lat' dir='ltr'>ad</span> <span class='ocrx_word' id='word_1_263' title='bbox 436 3317 581 3369; x_wconf 89' lang='lat' dir='ltr'>Conradum</span> <span class='ocrx_word' id='word_1_264' title='bbox 600 3321 719 3369; x_wconf 89' lang='lat' dir='ltr'>comitem</span> <span class='ocrx_word' id='word_1_265' title='bbox 737 3321 823 3366; x_wconf 88' lang='lat' dir='ltr'>auctor</span> <span class='ocrx_word' id='word_1_266' title='bbox 841 3315 901 3365; x_wconf 90' lang='lat' dir='ltr'>dicit</span> <span class='ocrx_word' id='word_1_267' title='bbox 919 3313 950 3363; x_wconf 91' lang='lat' dir='ltr'>de</span> <span class='ocrx_word' id='word_1_268' title='bbox 968 3328 995 3362; x_wconf 85' lang='lat' dir='ltr'>se</span> <span class='ocrx_word' id='word_1_269' title='bbox 1013 3313 1080 3376; x_wconf 88' lang='lat' dir='ltr'>ipso:</span> <span class='ocrx_word' id='word_1_270' title='bbox 1107 3312 1247 3371; x_wconf 90' lang='lat' dir='ltr'>„obscurus</span> 
     </span>
     <span class='ocr_line' id='line_1_34' title="bbox 178 3394 1246 3468; baseline -0.004 -18"><span class='ocrx_word' id='word_1_271' title='bbox 178 3401 237 3451; x_wconf 91' lang='lat' dir='ltr'>licet</span> <span class='ocrx_word' id='word_1_272' title='bbox 259 3403 374 3467; x_wconf 85' lang='lat' dir='ltr'>ingenio,</span> <span class='ocrx_word' id='word_1_273' title='bbox 397 3403 548 3454; x_wconf 84' lang='lat' dir='ltr'>natalibus.“</span> <span class='ocrx_word' id='word_1_274' title='bbox 585 3403 672 3468; x_wconf 90' lang='lat' dir='ltr'>Migne</span> <span class='ocrx_word' id='word_1_275' title='bbox 691 3403 707 3453; x_wconf 93' lang='grc'><strong>1.</strong></span> <span class='ocrx_word' id='word_1_276' title='bbox 727 3417 746 3451; x_wconf 90' lang='lat' dir='ltr'>c.</span> <span class='ocrx_word' id='word_1_277' title='bbox 766 3416 790 3464; x_wconf 89' lang='lat' dir='ltr'>p.</span> <span class='ocrx_word' id='word_1_278' title='bbox 811 3401 888 3459; x_wconf 84' lang='lat'>1100;</span> <span class='ocrx_word' id='word_1_279' title='bbox 913 3397 945 3447; x_wconf 93' lang='lat' dir='ltr'>M.</span> <span class='ocrx_word' id='word_1_280' title='bbox 966 3395 995 3447; x_wconf 89' lang='lat' dir='ltr'>G.</span> <span class='ocrx_word' id='word_1_281' title='bbox 1013 3412 1037 3460; x_wconf 93' lang='lat' dir='ltr'>p.</span> <span class='ocrx_word' id='word_1_282' title='bbox 1056 3394 1073 3448; x_wconf 95' lang='grc'><strong>1.</strong></span> <span class='ocrx_word' id='word_1_283' title='bbox 1093 3395 1122 3455; x_wconf 93' lang='grc'>11,</span> <span class='ocrx_word' id='word_1_284' title='bbox 1144 3411 1170 3461; x_wconf 88' lang='lat' dir='ltr'>p.</span> <span class='ocrx_word' id='word_1_285' title='bbox 1187 3397 1246 3448; x_wconf 84' lang='grc'><strong>381.</strong></span> 
     </span>
     <span class='ocr_line' id='line_1_35' title="bbox 179 3476 1247 3544; baseline -0.006 -9"><span class='ocrx_word' id='word_1_286' title='bbox 179 3476 207 3536; x_wconf 85' lang='lat' dir='ltr'>ln</span> <span class='ocrx_word' id='word_1_287' title='bbox 231 3490 343 3539; x_wconf 84' lang='lat' dir='ltr'>carmine</span> <span class='ocrx_word' id='word_1_288' title='bbox 365 3506 426 3540; x_wconf 92' lang='lat' dir='ltr'>vero</span> <span class='ocrx_word' id='word_1_289' title='bbox 450 3490 482 3540; x_wconf 83' lang='lat' dir='ltr'>ad</span> <span class='ocrx_word' id='word_1_290' title='bbox 504 3489 623 3540; x_wconf 88' lang='lat' dir='ltr'>lectorem</span> <span class='ocrx_word' id='word_1_291' title='bbox 647 3488 725 3537; x_wconf 90' lang='lat' dir='ltr'>huius</span> <span class='ocrx_word' id='word_1_292' title='bbox 746 3483 827 3535; x_wconf 90' lang='lat' dir='ltr'>libelli</span> <span class='ocrx_word' id='word_1_293' title='bbox 850 3481 923 3533; x_wconf 92' lang='lat' dir='ltr'>dicit:</span> <span class='ocrx_word' id='word_1_294' title='bbox 953 3479 1127 3542; x_wconf 83' lang='lat' dir='ltr'>„Walalridus</span> <span class='ocrx_word' id='word_1_295' title='bbox 1150 3495 1247 3544; x_wconf 88' lang='lat' dir='ltr'>pauper</span> 
     </span>
     <span class='ocr_line' id='line_1_36' title="bbox 177 3564 1243 3640; baseline -0.007 -19"><span class='ocrx_word' id='word_1_296' title='bbox 177 3569 322 3638; x_wconf 65' lang='lat' dir='ltr'>hebesque*</span> <span class='ocrx_word' id='word_1_297' title='bbox 341 3574 400 3625; x_wconf 90' lang='lat' dir='ltr'>vide</span> <span class='ocrx_word' id='word_1_298' title='bbox 417 3576 462 3626; x_wconf 87' lang='lat' dir='ltr'>ini.</span> <span class='ocrx_word' id='word_1_299' title='bbox 480 3592 504 3640; x_wconf 89' lang='lat' dir='ltr'>p.</span> <span class='ocrx_word' id='word_1_300' title='bbox 520 3578 541 3626; x_wconf 85' lang='lat'>1.</span> <span class='ocrx_word' id='word_1_301' title='bbox 560 3603 591 3612; x_wconf 91' lang='lat'>-</span> <span class='ocrx_word' id='word_1_302' title='bbox 612 3573 666 3622; x_wconf 73' lang='lat' dir='ltr'>5In</span> <span class='ocrx_word' id='word_1_303' title='bbox 685 3570 792 3635; x_wconf 87' lang='lat' dir='ltr'>prologo</span> <span class='ocrx_word' id='word_1_304' title='bbox 810 3567 844 3617; x_wconf 84' lang='lat' dir='ltr'>ad</span> <span class='ocrx_word' id='word_1_305' title='bbox 862 3568 941 3616; x_wconf 85' lang='lat' dir='ltr'>vitam</span> <span class='ocrx_word' id='word_1_306' title='bbox 959 3566 983 3616; x_wconf 95' lang='lat' dir='ltr'>b.</span> <span class='ocrx_word' id='word_1_307' title='bbox 999 3564 1127 3615; x_wconf 86' lang='lat' dir='ltr'>Bloitmici</span> <span class='ocrx_word' id='word_1_308' title='bbox 1145 3564 1243 3615; x_wconf 87' lang='lat' dir='ltr'>laudat:</span> 
     </span>
     <span class='ocr_line' id='line_1_37' title="bbox 178 3649 1245 3725; baseline -0.005 -20"><span class='ocrx_word' id='word_1_309' title='bbox 178 3654 300 3715; x_wconf 86' lang='lat' dir='ltr'>„Slrobus</span> <span class='ocrx_word' id='word_1_310' title='bbox 318 3675 375 3724; x_wconf 86' lang='lat' dir='ltr'>ego,</span> <span class='ocrx_word' id='word_1_311' title='bbox 394 3661 463 3710; x_wconf 90' lang='lat' dir='ltr'>misit</span> <span class='ocrx_word' id='word_1_312' title='bbox 481 3675 557 3725; x_wconf 86' lang='lat' dir='ltr'>quem</span> <span class='ocrx_word' id='word_1_313' title='bbox 575 3665 639 3708; x_wconf 87' lang='lat' dir='ltr'>terra</span> <span class='ocrx_word' id='word_1_314' title='bbox 658 3655 818 3706; x_wconf 84' lang='lat' dir='ltr'>alamannica</span> <span class='ocrx_word' id='word_1_315' title='bbox 836 3656 922 3704; x_wconf 86' lang='lat' dir='ltr'>nalu.“</span> <span class='ocrx_word' id='word_1_316' title='bbox 960 3649 1047 3713; x_wconf 83' lang='lat' dir='ltr'>Migne</span> <span class='ocrx_word' id='word_1_317' title='bbox 1064 3649 1080 3699; x_wconf 94' lang='lat' dir='ltr'>l.</span> <span class='ocrx_word' id='word_1_318' title='bbox 1093 3665 1114 3701; x_wconf 98' lang='lat' dir='ltr'>c.</span> <span class='ocrx_word' id='word_1_319' title='bbox 1133 3666 1157 3715; x_wconf 88' lang='lat' dir='ltr'>p.</span> <span class='ocrx_word' id='word_1_320' title='bbox 1173 3653 1245 3702; x_wconf 85' lang='grc'><strong>11143.</strong></span> 
     </span>
     <span class='ocr_line' id='line_1_38' title="bbox 177 3734 1245 3808; baseline -0.007 -19"><span class='ocrx_word' id='word_1_321' title='bbox 177 3739 211 3791; x_wconf 92' lang='lat' dir='ltr'>M.</span> <span class='ocrx_word' id='word_1_322' title='bbox 224 3739 252 3792; x_wconf 90' lang='lat' dir='ltr'>G.</span> <span class='ocrx_word' id='word_1_323' title='bbox 266 3757 290 3806; x_wconf 89' lang='lat' dir='ltr'>p.</span> <span class='ocrx_word' id='word_1_324' title='bbox 302 3741 319 3793; x_wconf 97' lang='lat' dir='ltr'>l.</span> <span class='ocrx_word' id='word_1_325' title='bbox 333 3743 364 3804; x_wconf 92' lang='grc'>11,</span> <span class='ocrx_word' id='word_1_326' title='bbox 382 3760 406 3808; x_wconf 93' lang='lat' dir='ltr'>p.</span> <span class='ocrx_word' id='word_1_327' title='bbox 421 3747 478 3796; x_wconf 77' lang='grc'><strong>291.</strong></span> <span class='ocrx_word' id='word_1_328' title='bbox 496 3772 529 3781; x_wconf 97' lang='grc'>-</span> <span class='ocrx_word' id='word_1_329' title='bbox 549 3747 559 3781; x_wconf 74' lang='grc' dir='ltr'>θ</span> <span class='ocrx_word' id='word_1_330' title='bbox 579 3741 704 3802; x_wconf 87' lang='lat' dir='ltr'>„Necesse</span> <span class='ocrx_word' id='word_1_331' title='bbox 722 3740 791 3790; x_wconf 88' lang='lat' dir='ltr'>enim</span> <span class='ocrx_word' id='word_1_332' title='bbox 809 3743 854 3799; x_wconf 83' lang='lat' dir='ltr'>esi,</span> <span class='ocrx_word' id='word_1_333' title='bbox 872 3742 900 3786; x_wconf 89' lang='lat' dir='ltr'>ut</span> <span class='ocrx_word' id='word_1_334' title='bbox 918 3735 1086 3788; x_wconf 81' lang='lat' dir='ltr'>Erlebcldum</span> <span class='ocrx_word' id='word_1_335' title='bbox 1105 3734 1245 3785; x_wconf 89' lang='lat' dir='ltr'>Dominum</span> 
     </span>
     <span class='ocr_line' id='line_1_39' title="bbox 176 3818 1244 3894; baseline -0.007 -20"><span class='ocrx_word' id='word_1_336' title='bbox 176 3831 200 3875; x_wconf 90' lang='lat' dir='ltr'>el</span> <span class='ocrx_word' id='word_1_337' title='bbox 221 3824 352 3879; x_wconf 73' lang='lat' dir='ltr'>Tritonem</span> <span class='ocrx_word' id='word_1_338' title='bbox 375 3835 564 3894; x_wconf 85' lang='lat' dir='ltr'>praeceptorem</span> <span class='ocrx_word' id='word_1_339' title='bbox 588 3841 673 3876; x_wconf 90' lang='lat' dir='ltr'>meum</span> <span class='ocrx_word' id='word_1_340' title='bbox 698 3823 761 3874; x_wconf 89' lang='lat' dir='ltr'>haec</span> <span class='ocrx_word' id='word_1_341' title='bbox 784 3838 823 3873; x_wconf 90' lang='lat' dir='ltr'>res</span> <span class='ocrx_word' id='word_1_342' title='bbox 847 3838 897 3872; x_wconf 90' lang='lat' dir='ltr'>non</span> <span class='ocrx_word' id='word_1_343' title='bbox 920 3822 1018 3872; x_wconf 88' lang='lat' dir='ltr'>lateat.“</span> <span class='ocrx_word' id='word_1_344' title='bbox 1055 3818 1172 3871; x_wconf 90' lang='lat' dir='ltr'>Prooem.</span> <span class='ocrx_word' id='word_1_345' title='bbox 1191 3819 1244 3868; x_wconf 83' lang='lat' dir='ltr'>Vis.</span> 
     </span>
     <span class='ocr_line' id='line_1_40' title="bbox 177 3901 1245 3977; baseline -0.01 -16"><span class='ocrx_word' id='word_1_346' title='bbox 177 3909 253 3962; x_wconf 88' lang='lat' dir='ltr'>Wett.</span> <span class='ocrx_word' id='word_1_347' title='bbox 271 3912 357 3977; x_wconf 87' lang='lat' dir='ltr'>bligne</span> <span class='ocrx_word' id='word_1_348' title='bbox 376 3915 392 3964; x_wconf 95' lang='lat' dir='ltr'>l.</span> <span class='ocrx_word' id='word_1_349' title='bbox 411 3929 432 3964; x_wconf 90' lang='lat' dir='ltr'>e.</span> <span class='ocrx_word' id='word_1_350' title='bbox 450 3929 473 3977; x_wconf 93' lang='lat' dir='ltr'>p.</span> <span class='ocrx_word' id='word_1_351' title='bbox 495 3914 569 3971; x_wconf 75' lang='lat'>10643</span> <span class='ocrx_word' id='word_1_352' title='bbox 594 3908 628 3960; x_wconf 91' lang='lat' dir='ltr'>M.</span> <span class='ocrx_word' id='word_1_353' title='bbox 648 3908 676 3960; x_wconf 90' lang='lat' dir='ltr'>G.</span> <span class='ocrx_word' id='word_1_354' title='bbox 694 3907 711 3958; x_wconf 93' lang='lat' dir='ltr'>l.</span> <span class='ocrx_word' id='word_1_355' title='bbox 732 3923 752 3958; x_wconf 91' lang='lat' dir='ltr'>c.</span> <span class='ocrx_word' id='word_1_356' title='bbox 772 3924 795 3973; x_wconf 91' lang='lat' dir='ltr'>p.</span> <span class='ocrx_word' id='word_1_357' title='bbox 815 3910 872 3960; x_wconf 88' lang='grc'><strong>3112.</strong></span> <span class='ocrx_word' id='word_1_358' title='bbox 910 3905 1056 3968; x_wconf 82' lang='lat' dir='ltr'>„Wettinus</span> <span class='ocrx_word' id='word_1_359' title='bbox 1077 3908 1129 3955; x_wconf 88' lang='lat' dir='ltr'>erat</span> <span class='ocrx_word' id='word_1_360' title='bbox 1150 3901 1245 3953; x_wconf 89' lang='lat' dir='ltr'>celebri</span> 
     </span>
    </p>
   </div>
   <div class='ocr_carea' id='block_1_5' title="bbox 0 0 1388 4552">
    <p class='ocr_par' dir='ltr' id='par_1_13' title="bbox 0 0 1388 4552">
     <span class='ocr_line' id='line_1_41' title="bbox 0 0 1388 4552; baseline 0 5"><span class='ocrx_word' id='word_1_361' title='bbox 0 0 1388 4552; x_wconf 95' lang='lat' dir='ltr'> </span> 
     </span>
    </p>
   </div>
  </div>
 </body>
</html>
