2768 4552
656 353 863 412 -82-

228 531 337 586 nostra
360 531 499 601 tempora
528 533 777 602 praecesserunt,
803 525 891 600 quasi
915 521 1116 582 memorabile
1146 520 1296 598 quiddam

228 631 259 686 et
286 628 444 703 singulare
472 627 639 697 scribatur,
670 627 695 686 si
728 626 779 702 qni
811 642 916 685 eorum
948 625 975 683 in
1005 623 1098 683 rebus
1126 622 1298 700 praedictis

227 731 444 791 eminentiores
461 730 591 788 caeteris
614 728 802 788 viderentur.
837 727 1004 786 Hormisda
1028 725 1161 784 enimin
1186 725 1298 786 ordine

228 833 313 892 Lllll.
337 834 452 892 clerum
477 830 651 905 composuit
672 835 702 886 et
725 829 854 904 psalmis
878 828 1036 899 erudivit¹‚
1064 828 1127 888 Leo
1149 826 1297 886 LXXXII.

226 942 258 994 et
273 935 461 994 Benedictus
477 940 550 1008 post
565 948 635 990 enm
653 930 814 1006 proximus
834 931 966 1005 itemque
984 929 1113 1004 Sergius
1129 927 1297 989 LXXXVI.

228 1037 405 1111 psalmodia
434 1042 464 1094 ct
495 1034 667 1094 cantilenae
697 1033 827 1092 scientia
856 1031 1002 1091 floruisse
1030 1031 1201 1092 dicuntur.²
1254 1031 1300 1090 De

229 1138 376 1213 Gregorio
404 1143 507 1196 autem
536 1135 584 1194 ΙΙΙ.
617 1136 705 1194 uelut
736 1130 908 1193 inauditum
933 1134 1080 1210 quiddam
1115 1140 1147 1194 et
1179 1150 1298 1195 novum

229 1241 371 1310 refertur,
408 1239 492 1314 quod
531 1253 641 1296 omnes
679 1232 819 1313 psalmos
852 1237 1028 1297 memoriter
1059 1236 1207 1310 tenuerit3
1245 1235 1299 1295 ubi

230 1343 362 1416 intellegi
393 1341 496 1404 datur.
526 1355 646 1416 paucos
675 1339 813 1415 priorum
843 1340 885 1398 ita
915 1340 1097 1414 psalterium
1120 1337 1300 1398 didicisse.³

230 1443 378 1504 Solebant
398 1442 475 1500 enim
502 1442 638 1516 psalmos
655 1456 757 1516 aeque
781 1448 815 1499 ut
838 1447 979 1501 caeteras
995 1441 1168 1517 scripturas
1184 1440 1298 1516 partim

230 1546 413 1616 memoriter,
444 1544 572 1619 partima
600 1542 691 1602 etiam
718 1542 880 1602 lectitando
911 1539 979 1602 suis
1010 1543 1119 1603 officiis
1142 1543 1299 1616 inserere3

231 1647 315 1722 quod
340 1647 365 1704 si
390 1645 550 1719 diligenter
566 1646 719 1713 advertas,
740 1645 845 1704 multis
863 1645 1082 1720 scripturarum
1100 1641 1301 1704 documentis

230 1754 372 1826 apparet.
417 1745 562 1806 Ordinem
586 1752 689 1819 autem
714 1747 887 1806 cantilenae
911 1748 1029 1806 diurnis
1057 1762 1112 1806 seu
1137 1743 1299 1804 nocturnis

230 1848 316 1909 horis
347 1849 497 1909 dicendae
533 1849 643 1909 beatus
678 1848 844 1924 Gregorius
880 1851 1019 1926 plenaria
1050 1849 1185 1909 creditur
1216 1846 1300 1906 ordi·

232 1951 356 2011 natione
390 1951 604 2026 distribuisse,
643 1951 725 2011 sicut
762 1961 802 2010 et*
826 1966 922 2026 supra
955 1952 993 2011 de
1027 1957 1297 2011 sacramentorum

231 2054 366 2114 diximus
396 2054 487 2122 libro,
517 2068 587 2110 oum
615 2055 700 2112 multi
730 2061 801 2114 ante
830 2053 895 2112 sive
925 2062 999 2130 post
1028 2070 1099 2113 euin
1128 2053 1300 2122 orationes

230 2155 416 2230 antiphonas
454 2157 504 2214 vel
542 2158 744 2230 responsoria
786 2157 1022 2230 composuerint.
1083 2156 1159 2214 Nam
1195 2160 1227 2215 et
1260 2154 1300 2213 de

230 2259 469 2335 antiphonarum
493 2255 690 2316 inchoatione
700 2254 711 2292 '¹
727 2259 869 2333 superius
886 2258 1032 2331 diximus,
1051 2264 1081 2317 et
1099 2255 1300 2331 responsoria

299 2459 312 2486 ³
329 2475 368 2519 oe,
386 2474 437 2509 orn.
456 2458 601 2509 memoriter
617 2458 718 2522 parlim.
742 2485 774 2493 —
793 2443 806 2482 b
824 2457 889 2519 mlh,
906 2458 1030 2510 inchoate.

304 2648 313 2681 ¹
331 2643 480 2695 Hormisdas
499 2647 641 2697 514-523.
679 2644 742 2704 „Hie
753 2646 896 2709 composuit
905 2643 1002 2694 clerum
1014 2650 1037 2695 et
1046 2645 1153 2709 psalmis
1162 2644 1300 2697 erudivit.“

232 2727 312 2778 Duch.
337 2729 359 2789 l,
376 2731 433 2781 269.
478 2729 653 2797 „Componerc
680 2731 795 2781 clerum“
829 2728 941 2779 schisma
971 2729 1159 2781 laurentianum
1188 2734 1302 2793 spectare

233 2811 342 2873 videtur,
360 2813 430 2878 quod
447 2814 556 2865 affirmat
573 2820 597 2864 et
614 2813 774 2878 epitaphium
794 2813 957 2864 Hormisdae:
981 2813 1098 2876 „Sarrasti
1120 2813 1218 2878 patriae
1234 2811 1303 2863 lace·
1375 2847 1378 2854 -

232 2902 316 2948 ratum
323 2899 441 2948 scismate
447 2913 538 2963 corpus
548 2901 681 2950 restituens
690 2900 798 2964 propriis
806 2899 921 2949 membra
931 2899 1034 2950 revulsa
1044 2899 1129 2950 locis.“
1146 2896 1303 2956 nuemuner,

234 2981 326 3033 Poetae
344 2983 386 3034 lat.
404 2985 462 3033 aevi
480 2982 590 3034 Carolini
610 2984 657 3043 tl,
675 2999 701 3048 p.
715 2986 771 3035 114.
792 3013 821 3021 -
843 2984 922 3034 ²Leo
941 2984 969 3043 ll,
988 2986 1130 3038 tat-683.
1168 2981 1230 3044 „Vir
1248 2981 1304 3032 elo-

234 3069 427 3132 quentissimus,
445 3071 472 3119 in
491 3070 585 3120 divinis
604 3069 735 3133 scripturis
753 3070 909 3119 sufficienter
921 3070 1066 3130 instructus,
1084 3082 1160 3133 greca
1172 3067 1305 3133 latinaque

233 3152 325 3218 lingua
342 3153 465 3214 eruditus,
483 3151 610 3203 cantilena
627 3168 657 3203 ac
674 3152 819 3218 psalmodia
836 3155 988 3218 praecipuus
1001 3159 1025 3205 et
1042 3155 1069 3204 in
1081 3169 1168 3204 earum
1184 3152 1304 3205 sensibus

233 3238 401 3289 subtilissima
419 3238 597 3288 exercitatione
619 3236 747 3288 limatus.“
785 3238 812 3289 L.
831 3255 855 3303 p.
874 3239 956 3289 Duch.
975 3239 991 3301 l,
1004 3241 1062 3291 359.
1102 3238 1257 3289 Benedictus
1274 3236 1303 3288 ΙΙ.

234 3323 378 3376 tat-685.
416 3324 478 3385 „Hic
496 3321 528 3373 ab
546 3324 650 3372 ineunte
668 3327 748 3372 aetate
767 3338 814 3372 sua
837 3324 961 3375 ecclesiae
984 3324 1110 3384 militavit,
1128 3328 1204 3388 atque
1222 3324 1259 3372 sic
1276 3337 1305 3372 se

235 3409 261 3458 in
278 3408 373 3459 divinis
388 3409 517 3472 scripturis
530 3412 554 3456 et
572 3406 728 3456 cantilenae
745 3407 838 3471 puerili
857 3414 935 3458 aetate
954 3415 978 3459 et
995 3411 1022 3458 in
1034 3409 1167 3473 presbiteri
1180 3408 1306 3472 dignitate

234 3491 351 3543 exhibuit
375 3498 402 3543 ut
425 3492 497 3542 decet
518 3493 602 3541 virum
626 3507 672 3540 suo
697 3492 801 3542 nomine
822 3493 956 3558 dignum.“
993 3493 1008 3544 l.
1028 3508 1049 3545 c.
1068 3495 1124 3545 363.
1161 3491 1268 3557 Sergius
1284 3491 1303 3543 l.

235 3577 378 3629 687-701.
414 3577 494 3639 ,Quia
521 3576 650 3626 studiosus
676 3580 729 3626 erat
754 3581 778 3626 el
799 3591 880 3642 capax
901 3579 929 3627 in
952 3578 1035 3627 olhcio
1054 3577 1207 3640 cantilenae,
1225 3577 1305 3641 priori

233 3666 367 3711 cantorum
395 3678 440 3726 pro
467 3661 581 3712 doctrina
607 3665 644 3712 est
670 3661 800 3711 traditus.“
838 3662 855 3712 l.
880 3678 901 3714 c.
925 3666 982 3715 371.
1011 3691 1042 3700 —
1071 3666 1082 3700 ³
1104 3661 1243 3726 Gregorius
1264 3660 1303 3712 nt

236 3748 378 3798 tat—tlt.
424 3761 575 3809 „...greca
598 3747 727 3812 latinaque
750 3745 841 3810 lingua
863 3748 989 3811 eruditus,
1014 3747 1127 3812 psalmos
1152 3761 1241 3798 omnes
1259 3762 1305 3812 per

235 3832 351 3881 ordinem
371 3832 516 3880 memoriter
533 3832 642 3882 retinens
661 3838 684 3882 et
701 3833 727 3881 in
747 3848 835 3883 corum
855 3832 973 3883 sensibus
996 3832 1164 3883 subtilissima
1181 3831 1305 3882 exercita·

170 3970 172 3974 y
236 3915 304 3964 tione
321 3912 449 3966 limatus“
486 3915 513 3965 t.
532 3932 556 3980 p.
576 3916 656 3966 Duch.
676 3917 693 3968 l.
713 3920 771 3973 415.
