2768 4552
588 362 800 420 —31-·

160 528 264 589 cordis
293 531 441 606 prolecta,
472 533 612 590 internae
641 531 801 591 intentioni
824 533 1001 592 concordat.
1045 532 1122 591 Nam
1146 541 1177 593 et
1198 535 1228 593 in

158 632 244 692 bono
269 633 379 706 legitur
400 650 465 692 vox
495 635 571 705 alta,
595 633 675 692 dum
705 633 815 692 dicitur
840 634 870 692 ln
901 633 1095 693 dedicatione
1123 636 1229 711 templi

127 746 130 752 ’
160 735 347 807 Salomonis,
369 753 433 796 vox
450 736 648 796 sacerdotum
664 742 696 794 et
718 736 880 796 levitarum
903 737 933 795 in
951 736 1034 796 tubis
1051 744 1081 795 et
1103 735 1229 814 hymnis

158 837 399 896 exclamantium
423 839 547 912 longius
570 838 725 910 sonuisse,
748 844 778 897 et
801 838 901 897 sancti
920 844 1076 914 martyres
1092 837 1149 897 sub
1174 854 1229 898 ara

159 938 215 996 Dei
238 955 317 998 voce
334 955 448 1014 magna
464 940 618 999 clamasse
643 942 810 1015 leguntur.¹
848 939 907 1000 Ubi
931 940 1074 1016 quamvis
1090 941 1226 1016 intellegi

156 1041 267 1116 possit,
300 1041 379 1099 sicut
410 1046 440 1099 et
470 1042 500 1100 in
531 1042 597 1100 aliis
626 1042 731 1102 multis
758 1041 842 1113 looiS,
872 1043 955 1101 illam
984 1057 1055 1102 esse
1082 1058 1227 1118 maguam

155 1159 277 1216 vocem,
300 1159 389 1218 quae,
410 1147 555 1219 quamvis
571 1146 611 1205 sit
633 1161 711 1205 sono
734 1143 869 1218 humilis,
892 1161 932 1204 ex
955 1146 1040 1205 bona
1062 1145 1227 1205 deuotione

157 1246 306 1321 procedit,
338 1248 418 1307 siout
445 1248 484 1306 ad
513 1248 647 1322 Moysen
678 1247 752 1307 dicit
780 1248 879 1307 Deus:
914 1250 1011 1323 „quid
1037 1251 1156 1307 clamos
1186 1249 1229 1305 ud

156 1349 262 1409 me“²?
287 1364 357 1407 cum
373 1364 432 1407 non
456 1350 577 1422 legatur
600 1348 641 1407 ibi
657 1349 773 1425 aliquid
797 1351 961 1421 clamasse,
984 1356 1087 1409 tamen
1112 1349 1226 1407 bonnm

156 1459 206 1513 est
229 1459 260 1510 et
282 1452 364 1511 omni
388 1453 501 1527 quietia
524 1453 775 1528 praeterendum,
808 1452 838 1510 in
868 1450 981 1512 laudeb
1003 1452 1059 1512 Dei
1083 1453 1228 1526 decenter

155 1563 187 1615 et
210 1551 391 1629 simpliciter
418 1554 573 1615 laborare.
620 1555 758 1629 Cumque
787 1570 878 1614 omne
908 1570 1007 1628 genus
1039 1553 1226 1613 laudationis

155 1653 280 1718 divinae
305 1657 477 1716 secundum
502 1657 654 1717 rationem
678 1656 833 1717 exhibitae
858 1657 897 1716 sit
921 1658 1121 1724 laudandum,
1151 1655 1225 1715 illud

155 1758 350 1838 probabilius
374 1765 422 1818 est
444 1759 618 1831 dicendum,
648 1760 732 1834 quod
760 1756 905 1820 habuerit
933 1759 1080 1819 vanitatis
1104 1765 1134 1817 et
1161 1758 1225 1817 iac·

154 1864 274 1922 tantiae
289 1861 456 1920 minimum.
484 1863 565 1936 Lege
580 1861 675 1921 libros
692 1864 924 1922 confessionum
941 1861 1042 1921 sancti
1059 1860 1225 1934 Augustini

156 1971 187 2024 et
210 1964 359 2038 invenies,
389 1974 538 2041 quantum
569 1965 619 2024 ille
642 1965 826 2024 iudicaverit
849 1981 921 2025 esse
943 1963 1071 2040 periculi
1098 1962 1127 2021 in
1151 1977 1224 2020 can-

154 2067 319 2126 tilenarum
342 2067 491 2126 melodiac
514 2067 684 2126 dulcedine.
765 2090 769 2097 ·

647 2426 732 2495 XIII.

260 2593 388 2678 Quibus
407 2597 525 2686 prosit
550 2596 682 2665 dl‘ot‘nus
709 2596 818 2664 cultus
844 2597 878 2662 et
903 2592 1020 2686 quibus
1045 2603 1122 2664 non.

220 2797 386 2859 Sciendum
422 2814 511 2870 sane,
546 2798 588 2856 ita
621 2797 746 2857 demum
777 2798 961 2871 templorum
994 2803 1025 2855 et
1055 2797 1224 2857 olliciorum

155 2917 318 2962 sacrorum
340 2901 406 2960 Deo
437 2901 654 2959 universorum
685 2899 816 2958 creatori
846 2901 948 2959 cultus
974 2914 1045 2958 esse
1068 2904 1224 2974 acceptos

154 3004 181 3064 si
209 3003 367 3062 hominum
403 3009 536 3079 pectora,
569 3018 700 3078 quorum
731 2997 847 3060 causa<l
880 3000 959 3060 haec
993 3001 1052 3060 sibi
1084 3000 1223 3060 exbiberi

154 3107 304 3185 permittit
332 3107 381 3165 vel
409 3101 506 3176 iubet,
535 3104 634 3178 ipsius
663 3102 885 3163 inhabitatione
913 3102 1022 3162 luerint
1044 3103 1147 3176 digna.
1191 3103 1222 3160 In

155 3226 270 3268 vanum
294 3210 375 3270 enim
398 3211 481 3282 ligna
505 3215 535 3268 et
558 3207 679 3283 lapides
703 3208 829 3280 poliunt,
854 3207 905 3283 qui
930 3221 1032 3266 mores
1056 3222 1116 3263 non
1140 3221 1224 3263 eum-

154 3318 281 3389 ponunt.
326 3312 454 3372 Frustra
470 3313 552 3372 dona
569 3317 599 3371 et
622 3311 771 3388 pecunias
794 3315 996 3385 comportant,
1020 3309 1070 3382 qui
1094 3309 1220 3367 interius

155 3415 279 3475 divinae
303 3415 483 3475 subtilitatis
508 3415 632 3474 oculum
658 3431 720 3473 non
746 3413 876 3488 placant.
922 3411 997 3475 Nam
1022 3411 1095 3486 quia
1118 3411 1223 3468 ludaei

155 3519 317 3578 Dommum
352 3518 480 3578 interius
515 3533 576 3575 non
612 3518 786 3584 audierunt,
824 3515 976 3573 exteriora
1009 3529 1114 3571 eorum
1149 3528 1223 3571 con-

223 3684 236 3711 ⁸
254 3685 289 3749 hl,
308 3688 402 3750 quiete;
422 3702 455 3749 m,
469 3688 562 3751 quieto.
581 3713 614 3723 -
634 3671 646 3708 I
665 3701 701 3746 oe,
720 3683 830 3734 laudem.
849 3710 882 3719 —
900 3681 910 3708 ⁰
928 3698 966 3744 oe,
985 3696 1044 3730 cum
1058 3678 1176 3730 melodia.
1190 3709 1222 3716 —

152 3760 168 3800 ‘¹
186 3787 224 3828 oe,
245 3772 277 3823 ob
295 3785 407 3821 causam.

227 3932 233 3963 ¹
252 3928 334 3991 Apoc.
353 3926 395 3989 VI,
417 3929 455 3978 lo.
474 3955 507 3963 —
527 3928 538 3962 ²
555 3928 635 3978 Exod.
652 3926 719 3987 XIV,
740 3927 779 3977 15.
