2768 4552
591 363 633 372 -.
677 329 802 387 50..

164 506 196 560 et
223 498 333 558 cotidie
361 497 527 574 petendum
561 503 591 557 et
623 497 735 557 cotidie
763 498 801 556 ab
833 498 899 574 illis,
930 497 1043 574 quibus
1073 499 1231 573 competit,

165 600 356 660 offerendum
380 607 410 658 et
433 600 654 674 accipiendum.
689 598 766 672 Quia
790 616 863 660 vero
888 598 1084 672 Melchiades,
1101 600 1235 661 XXXIII

165 703 272 763 ordine
288 703 427 761 Romaea
451 703 661 777 praesulatum
682 717 788 776 agens
813 703 927 773 statuit,
951 704 1089 761 utnulla
1112 703 1234 762 ratione

164 806 318 867 dominico
343 810 396 863 aut
412 804 440 860 V
462 803 537 863 seria
560 803 703 863 ieiunium
728 805 799 879 quis
821 803 956 861 fidelium
978 810 1092 877 ageret,
1117 805 1233 879 pagani

164 909 243 967 enim
268 904 335 966 bisl
358 905 466 965 diebus
488 906 578 980 quasi
601 905 714 966 ieiunia
736 904 999 981 frequentabant1,
1022 908 1092 965 ideo
1116 905 1232 968 beatus

84 1049 90 1058 ·
164 1009 329 1085 Gregorius
353 1008 549 1083 supradictus
579 1007 606 1065 in
631 1008 834 1082 dispositione
857 1008 1027 1068 alliciorum
1050 1010 1121 1067 anni
1149 1009 1233 1069 inira

162 1112 433 1187 quadragesimam
452 1110 480 1165 V.
504 1110 610 1169 seriam
626 1116 789 1170 vacantem
807 1110 931 1179 dimisit,
957 1117 990 1168 ut
1006 1111 1080 1185 quia
1103 1111 1232 1172 lestiva0

163 1221 230 1274 erat
257 1214 353 1275 veluti
380 1213 535 1271 dominica
562 1213 653 1272 etiam
677 1213 776 1272 officio
808 1213 868 1271 diei
897 1213 1068 1272 dominicae
1096 1213 1232 1275 celebris

162 1318 337 1377 baberetur.
390 1315 475 1388 Quae
505 1314 533 1369 V
569 1314 644 1375 leria
677 1312 793 1390 quaml
825 1315 1021 1389 postmodum
1056 1317 1161 1394 coepit
1194 1323 1232 1375 ut

162 1425 305 1480 caeterae
339 1416 461 1476 ieiuniis
493 1417 642 1491 applicari
674 1417 838 1492 Gregorius
873 1417 972 1476 iunior
1005 1419 1124 1486 statuit,
1158 1433 1230 1477 eam

161 1522 266 1580 missis
297 1526 328 1578 et
350 1519 543 1579 orationibus
572 1535 644 1578 esse
674 1521 843 1579 solemnem
873 1525 903 1576 et
931 1519 1135 1594 undecunque
1163 1522 1230 1580 col-

161 1624 260 1697 IIgens
295 1620 434 1680 elusdem
473 1622 532 1680 diei
571 1622 786 1696 augmentavit
822 1622 949 1680 ollicia.²
1005 1622 1080 1681 Gum
1119 1621 1230 1695 igitur0

160 1724 293 1782 Hebraei
317 1723 457 1782 carnales
476 1738 551 1783 suas
568 1723 742 1783 oblationes
760 1725 870 1783 cotidie
887 1741 924 1783 ex
948 1725 1087 1785 iussione
1103 1725 1229 1784 Domini

161 1827 337 1886 celebrasse
360 1827 511 1898 legantur,
534 1842 631 1900 quare
655 1843 715 1884 non
740 1824 896 1885 christiani
918 1827 1037 1885 hostias
1061 1842 1137 1885 suas
1161 1826 1228 1902 spi-

160 1929 265 1987 ritales
301 1927 411 1986 cotidie
442 1926 575 1986 offerant
608 1936 639 1988 et
671 1929 701 1986 in
734 1923 974 1988 inunimentnmf
1005 1944 1082 1988 suae
1114 1932 1228 1991 salutis

159 2031 372 2104 frequentent?
416 2031 560 2103 Legimus
585 2032 695 2089 etenim
720 2032 813 2090 beato
835 2031 993 2106 Gregorio,
1018 2032 1106 2090 cuius
1130 2049 1228 2108 supra

160 2135 288 2194 fecimus
317 2133 510 2204 mentionem,
537 2139 681 2205 testante,
712 2132 852 2193 Cassium
882 2134 1079 2192 narniensem
1102 2135 1227 2208 episco-

160 2237 255 2312 pum3
283 2242 353 2309 post
376 2235 600 2294 ordinationem
626 2251 715 2294 suam
739 2236 823 2295 omni
852 2236 900 2293 die
928 2251 1037 2294 sacrae
1060 2235 1227 2297 oblationis

226 2419 239 2446 ²
256 2415 420 2480 lIJromano.
439 2448 473 2455 -
492 2406 504 2446 b
525 2419 556 2481 lt,
575 2420 661 2470 inhis.
680 2449 713 2457 -
732 2420 743 2446 ⁰
761 2419 794 2482 M,
812 2420 940 2469 festivitas.
961 2449 991 2456 -
1010 2406 1024 2446 d
1041 2435 1079 2482 oe,
1093 2421 1227 2484 quoniam.

159 2535 190 2542 —
209 2503 220 2531 θ
239 2521 281 2567 oe,
295 2520 364 2568 ergo.
384 2534 414 2541 -
433 2489 444 2529 f
461 2503 523 2566 mlh,
543 2505 740 2565 monimentum
759 2520 779 2566 c,
799 2509 1002 2555 monumentum.

229 2662 237 2695 1
257 2645 398 2718 „Miltiades
416 2655 570 2725 (311-314)
589 2658 717 2707 constituit
735 2657 806 2708 nulla
818 2660 913 2708 ratione
930 2659 1058 2708 dominico
1075 2664 1118 2708 aut
1135 2662 1226 2723 quinta

156 2744 218 2793 feria
235 2743 361 2792 ieiunium
375 2743 431 2806 quis
444 2742 476 2792 de
487 2742 607 2794 fidelibus
625 2758 708 2806 agere,
727 2744 787 2807 quia
803 2759 846 2794 eos
864 2744 918 2794 dies
930 2746 1024 2808 pagani
1036 2745 1110 2808 quasi
1121 2759 1222 2795 sacrum

156 2829 280 2878 ieiunium
298 2826 480 2878 celebrabant.“
516 2827 568 2876 lam
588 2827 717 2879 Doctrt'nc
730 2829 908 2894 apostolorum
927 2835 1059 2892 praecepta
1076 2830 1228 2895 promulgat

156 2912 187 2964 de
208 2911 347 2962 ieiunando
369 2913 442 2962 certis
465 2912 564 2975 diebus,
591 2912 652 2966 dicit
674 2914 744 2962 enim
762 2928 799 2976 cp.
822 2912 881 2962 Vlll.
919 2914 1030 2974 „Ieiunia
1054 2930 1114 2964 vero
1139 2921 1225 2966 vestra

156 3013 188 3047 ne
205 2997 267 3046 fiant
284 3011 342 3046 cum
361 2994 512 3062 hypocrilis3
532 2998 645 3048 ieiunant
655 2999 724 3047 enim
737 2998 850 3048 secunda
866 3005 922 3062 post
934 2998 1067 3049 sabbatum
1087 3004 1110 3047 et
1122 3000 1224 3064 qulnla;

155 3098 203 3131 vos
220 3086 304 3131 aulem
323 3081 433 3130 ieiunate
451 3086 540 3147 quarta
557 3086 581 3132 et
598 3087 690 3134 sexla.“
728 3083 844 3146 Paganos
863 3089 946 3133 autem
960 3085 1034 3133 cerlis
1050 3083 1141 3135 diebus
1158 3083 1223 3136 heb-

154 3166 272 3216 domadis
290 3166 416 3216 ieiunasse
434 3165 500 3215 nihiI
516 3167 635 3217 traditum
654 3173 698 3230 esl,
717 3169 767 3217 nisi
785 3168 889 3218 sortasse
905 3173 975 3232 putat
993 3168 1163 3219 Manichacus.
1187 3199 1222 3208 -

157 3252 167 3287 ²
185 3250 239 3301 Lib.
259 3250 347 3314 pontis.
366 3251 382 3312 I,
401 3266 425 3315 p,
438 3253 487 3304 402
506 3253 580 3302 refert
597 3252 629 3303 de
641 3252 775 3316 Gregorio:
799 3253 861 3312 „HIc
876 3254 1091 3317 quadragesimali
1107 3259 1223 3319 tempore

153 3340 181 3384 ut
199 3337 300 3400 quintas
322 3336 397 3385 serias
420 3335 555 3403 (ieiunium
574 3342 649 3403 atque
668 3337 687 3385 ll
706 3337 769 3404 red.)
793 3339 927 3387 missarum
951 3337 1082 3389 celebritas
1102 3338 1173 3388 fieret
1193 3341 1221 3391 in

152 3419 273 3469 ecclesias
295 3420 363 3483 quod
385 3437 436 3471 non
459 3422 588 3486 agebatur,
611 3424 744 3472 institnit.“
764 3451 795 3459 —
815 3427 826 3460 ³
843 3421 1054 3488 Martyrologium
1073 3424 1220 3474 Romanum
1263 3443 1267 3453 ·

152 3504 192 3554 ed,
219 3504 312 3556 Ratisb.
332 3508 404 3568 1874,
430 3523 454 3570 p.
475 3509 530 3569 123,
557 3506 589 3557 ad
616 3496 656 3558 29.
674 3507 733 3559 Jun.
760 3507 821 3558 dicit
846 3508 877 3557 de
903 3507 953 3557 hoc
979 3506 1073 3570 Cassio,
1100 3511 1222 3575 episcopo

153 3588 299 3640 536-558:
330 3590 456 3650 „Narniae
482 3593 562 3642 sancti
584 3590 665 3641 Cassii
690 3593 804 3642 eiusdem
830 3593 937 3643 civitatis
963 3595 1083 3658 episcopi,
1110 3594 1142 3645 de
1168 3610 1220 3660 quo

152 3678 255 3722 sanetus
274 3672 411 3737 Gregorius
429 3676 510 3738 relert,
534 3677 603 3741 quod
628 3676 715 3726 nullus
736 3692 802 3741 pene
818 3678 873 3727 dies
891 3678 957 3727 vitae
981 3679 1036 3728 eius
1060 3679 1221 3745 abscedebat,

147 3770 203 3822 quo
222 3759 389 3821 omnipotenti
407 3759 458 3810 Deo
477 3757 572 3810 hostias
590 3761 741 3825 placationis
759 3777 810 3812 non
827 3762 934 3827 offerret,
952 3765 993 3814 eui
1011 3770 1035 3814 et
1050 3765 1221 3818 concordabat

152 3841 211 3904 vita,
229 3843 289 3906 quia
307 3848 397 3894 cuncta
415 3858 480 3908 quae
499 3843 608 3896 habebat
631 3846 656 3895 in
680 3845 840 3898 eleemosinis
858 3848 980 3911 tribuens,
1004 3852 1029 3898 in
1053 3848 1117 3899 hora
1139 3855 1219 3905 sacri-
