2768 4552
526 322 735 381 -35..

100 493 322 553 constitutione
353 492 529 567 provisum,
570 492 649 552 sicut
685 493 752 568 ipse
791 498 923 552 testetur
953 480 1080 551 dicens:
1117 495 1172 567 qut

99 597 182 653 misit
203 612 250 654 me
273 596 437 672 baptizare
460 597 491 653 tn
515 597 621 669 cquc¹
644 595 828 670 etreliqua.
867 593 1041 668 Baptizavit
1064 600 1169 653 autem

98 712 159 755 non
190 696 219 755 in
252 697 466 756 remissionem
502 702 712 773 peccatorum,
748 696 830 772 quod
865 694 978 755 Christi
1012 696 1168 769 baptismo

99 798 150 873 agi
180 799 357 870 consuevit,
391 799 447 858 sed
480 799 509 857 in
545 798 765 874 paenitentiam
794 797 919 869 dicens,
952 799 981 857 in
1014 814 1083 858 eum
1116 798 1168 873 qui

99 905 250 960 venturus
283 907 349 960 erat
379 906 412 960 ut
446 901 624 975 crederent,
652 900 713 961 hoc
744 907 793 962 est
829 901 1006 974 inlesum,
1036 901 1075 959 de
1106 915 1168 976 quo

100 1003 193 1062 etiam
231 1002 439 1062 testimonium
474 1003 631 1079 perhibuit
669 1004 812 1062 dicens2:
854 1003 919 1078 Eoo
956 1004 1076 1079 quidem
1118 1020 1169 1064 vos
1209 1083 1213 1089 ἱ

100 1106 225 1181 baptizo
248 1107 279 1164 in
303 1122 385 1181 aqua
408 1106 698 1180 inpoenitentium,
726 1108 779 1182 qcr'
806 1112 908 1165 autem
932 1113 1006 1181 post
1028 1123 1075 1164 me
1098 1122 1170 1165 oen-

28 1226 33 1235 ·
101 1211 189 1266 turos
212 1212 266 1281 est,
286 1208 404 1282 fortior
426 1222 473 1264 me
495 1210 549 1282 est,
573 1201 660 1266 cuias
677 1224 816 1268 consum
831 1208 942 1281 dianus
959 1209 1169 1279 calciamenta

98 1315 248 1385 portare,
283 1311 347 1384 ipse
378 1323 430 1368 vos
462 1308 635 1382 baptizabit
662 1311 694 1368 tn
720 1311 832 1385 spiritu
860 1314 970 1368 sancto
998 1317 1030 1368 et
1058 1310 1169 1382 tenter

100 1409 138 1468 Et
167 1412 257 1486 plane
288 1411 412 1484 dignum
443 1405 541 1479 erati,
572 1418 605 1470 ut
634 1410 662 1467 in
693 1425 774 1468 nova
804 1410 926 1484 generis
955 1410 1083 1469 humani
1116 1427 1170 1485 per

103 1512 274 1572 adventum
303 1512 357 1571 filii
378 1512 433 1570 Dei
458 1512 486 1569 in
516 1527 608 1572 cerne
636 1512 813 1572 satvatione
843 1528 958 1572 novum
983 1514 1171 1587 penderetur

104 1614 328 1690 purificationis
352 1613 543 1690 mysterium,
567 1620 722 1689 quatenus
746 1614 826 1673 sicut
851 1614 1031 1674 sacerdotes
1057 1617 1169 1675 levitici

102 1718 226 1792 generis
263 1717 360 1776 lavari
396 1722 626 1779 consueverant
664 1722 734 1775 ante
772 1716 961 1776 oblationem
1002 1717 1170 1777 carnalium

102 1818 293 1891 hostiarum,
329 1818 371 1877 ita
404 1833 513 1878 omnes
548 1817 705 1876 christiani
740 1819 872 1879 nominis
906 1818 1084 1896 haeredes,
1117 1814 1172 1894 qui

103 1922 246 1981 dicuntur
279 1923 387 1994 recole
416 1921 658 1990 sacerdottomi,
694 1921 819 1981 lavacro
851 1921 979 1995 spiritaii
1008 1936 1026 1979 a
1057 1936 1170 1995 pecca-

103 2030 203 2084 torum
240 2023 308 2081 iabe
344 2021 481 2082 mundati
521 2020 651 2080 offerant
677 2021 743 2081 Deo
771 2023 889 2083 hostias
923 2025 1105 2097 spiritales*
1138 2025 1168 2080 tn

104 2126 230 2187 odorem
252 2125 448 2184 suavitates.⁵
492 2123 657 2183 Sciendum
682 2130 793 2198 autem,
817 2125 914 2199 primo
938 2123 1117 2200 simpliciter
1138 2124 1168 2181 in

103 2225 209 2286 fluviis
232 2229 281 2286 vet
299 2227 433 2286 tontibus
448 2226 622 2303 baptizatos
639 2226 814 2300 credentes;
839 2226 906 2300 ipse
923 2226 1003 2284 enim
1022 2225 1169 2286 Dominus

104 2335 212 2388 noster
227 2330 315 2390 Iesus
332 2329 483 2401 Christus
506 2336 538 2388 ut
554 2329 660 2390 nobisc
681 2330 763 2389 idem
786 2333 984 2388 consecraret
999 2328 1170 2397 lavacrum,

103 2431 133 2490 in
159 2432 293 2491 Iordane
315 2432 491 2506 baptizatus
515 2439 564 2490 est
586 2447 605 2490 a
627 2432 759 2501 Ioanne,
790 2436 820 2490 et
842 2431 924 2490 sicut
946 2430 1019 2490 olibi
1041 2430 1168 2504 legitur:

104 2534 206 2606 „Erat
226 2535 357 2593 Ioannes
380 2535 543 2608 baptizans
559 2535 589 2592 in.
606 2533 712 2594 Aenon
734 2536 823 2592 iaxta
841 2533 950 2608 Saline,
977 2536 1051 2607 qaia
1066 2549 1170 2609 aquae

103 2639 219 2695 mattae
252 2642 343 2694 erant
376 2637 474 2708 tbi“⁰;
510 2642 540 2694 et
573 2634 731 2710 Phiiippus
765 2635 960 2709 evangelista
993 2633 1170 2695 eunuchum

105 2737 273 2813 baptizavit
299 2738 327 2795 in
360 2738 455 2810 tonte,
484 2754 575 2813 quem
605 2739 740 2813 repperit
767 2739 797 2796 in
827 2738 904 2796 via.⁷
949 2735 1034 2796 Sicut
1064 2743 1168 2796 autem

103 2855 200 2914 supra
222 2840 428 2911 ostendimus,
457 2845 617 2900 crescente
641 2855 789 2915 processu
814 2845 987 2915 temporum
1012 2839 1170 2913 religionis

103 2941 221 3000 honore
252 2937 496 3001 institutionumd
525 2941 806 3001 ecclesiasticarum
836 2957 934 3016 usque
965 2940 1004 3001 ad
1039 2941 1173 3016 plenitu-

104 3043 206 3101 dinem
230 3044 327 3103 decus
351 3044 499 3116 crevisse,
524 3044 567 3101 ita
589 3049 620 3102 et
635 3042 728 3102 huius
744 3043 866 3119 mystici
882 3043 1000 3102 lavacri
1017 3043 1170 3116 gradatim

103 3161 159 3220 per
189 3152 363 3221 temporum
397 3151 565 3220 augmenta
587 3145 616 3202 in
641 3145 743 3204 maius
768 3145 931 3204 celebratio
956 3146 1060 3204 crevit.
1105 3146 1173 3204 Ad-

104 3246 249 3307 diderunt
265 3248 313 3307 elii
331 3247 507 3309 chrismatis
523 3249 709 3319 unctionem,
732 3261 826 3322 quam
844 3263 884 3305 cx
898 3247 997 3306 reteri
1012 3254 1170 3322 sumptam

172 3483 184 3509 ³
202 3500 240 3545 oe,
252 3485 321 3549 igne.
339 3513 373 3521 —
392 3471 404 3510 b
424 3483 467 3533 ml.
480 3483 535 3533 erit.
556 3511 587 3519 -—
605 3481 616 3508 ⁰
634 3498 673 3546 oe,
691 3484 717 3532 in
730 3481 811 3534 nobis.
824 3467 882 3519 --d
901 3479 958 3531 S.G.
977 3482 1170 3544 institutionem,

103 3568 148 3619 sed
167 3568 224 3620 S.G.
243 3568 286 3618 hic
304 3584 365 3623 sane
383 3568 474 3618 salsam
492 3567 595 3620 exhibet
612 3569 795 3618 recensionem.

177 3722 270 3772 1Ioan.
288 3720 306 3782 Ι,
323 3723 364 3772 33.
390 3751 423 3759 -
452 3719 620 3784 2ΜεῑῑΗΙ,
636 3723 678 3780 11;
705 3721 750 3771 cir.
773 3719 849 3770 Marc.
868 3717 968 3783 Lisq.
1008 3717 1121 3778 Lucili,
1135 3719 1173 3769 16.

103 3805 172 3857 ioan.
185 3805 203 3866 1,
216 3808 256 3859 26.
276 3807 333 3857 Act.
347 3806 362 3856 l.
377 3809 400 3857 5.
421 3837 451 3844 -
473 3805 517 3856 ³1.
529 3805 597 3855 Petri
615 3807 639 3866 2,
651 3806 674 3856 9.
702 3834 736 3842 —
764 3804 808 3855 ⁴1.
822 3803 889 3854 Petri
903 3807 926 3866 2,
938 3807 962 3856 5.
981 3832 1014 3840 —
1038 3802 1174 3853 ⁵Nu'meri

104 3889 159 3953 XV,
175 3895 188 3942 t
207 3897 231 3942 et
248 3906 316 3955 pass.
334 3920 367 3928 —
390 3890 503 3942 ⁶Ioann.
522 3890 561 3954 ill,
574 3892 615 3942 23.
632 3918 666 3928 —
686 3894 696 3928 ⁷
714 3891 770 3941 Act.
789 3889 852 3953 vili,
864 3891 895 3942 36
905 3904 959 3955 sqq.
