2768 4552
642 326 853 385 „gg-

214 497 266 556 vel
289 495 327 554 ab
344 495 403 554 alio
426 494 562 569 quolibet
585 493 711 553 homine
735 495 792 553 sub
809 497 1016 570 appellatione
1040 496 1287 571 legitima-cius-

215 598 284 657 dern
320 603 447 658 sanctae
480 597 624 655 trinitatis
657 597 747 657 luerit
782 597 968 672 baptizatus,
1003 598 1186 674 rebaptizari
1220 615 1286 658 non

216 700 322 773 debet,
352 717 390 759 ne
417 699 572 760 invocatio
597 714 738 759 summac
761 698 927 760 divinitatis
956 701 1104 783 adnullari
1127 700 1286 774 videatur,

216 802 273 861 sed
307 801 472 861 chrismate
505 805 536 859 et
566 815 676 860 manus
710 801 918 876 impositione,
952 801 1036 876 quod
1068 801 1285 875 imperfectum

215 909 295 972 erat,
324 901 432 977 perfici
462 902 561 962 debet.
607 902 671 961 Hoc
699 903 728 960 in
754 903 924 964 canonibus
949 909 980 960 et
1001 905 1132 962 decretis
1160 911 1286 978 patrum

214 1003 358 1080 irequens
382 1003 524 1064 habetur.
570 1004 694 1078 Legitur
717 1019 840 1078 quoque
867 1004 894 1062 in
919 1006 1025 1064 ultimo
1049 1005 1287 1066 ecclesiasticae

214 1105 363 1165 historiae
384 1107 460 1165 libro
472 1109 490 1175 1,
514 1106 595 1183 quod
611 1105 804 1165 Athanasius
821 1106 924 1167 adhuc
945 1123 1021 1182 puer
1044 1108 1121 1167 inter
1144 1124 1286 1170 coaevos

214 1206 411 1281 baptismatis
428 1209 655 1269 similitudinem
672 1224 726 1281 per
742 1209 849 1267 ludum
862 1210 1050 1283 exercuerit3
1067 1210 1286 1271 Alexandrum

214 1308 306 1367 etiam
337 1310 544 1369 Alexandriae
575 1312 749 1383 praesulem
782 1313 906 1386 cognita
935 1312 1175 1388 interrogatione
1204 1313 1286 1389 bap·

213 1410 306 1469 tistae
323 1418 353 1469 et
369 1414 574 1486 responsione
591 1414 811 1488 baptizatorum
829 1422 859 1470 et
875 1413 1015 1488 caeteris,
1038 1431 1118 1490 quae
1135 1415 1286 1491 quamvis

214 1528 269 1585 per
285 1513 401 1586 ludum,
424 1521 526 1574 tamen
550 1516 635 1574 iuxta
650 1523 788 1575 nostram
804 1516 985 1590 religionem
1008 1524 1099 1591 gesta
1114 1525 1195 1588 sunt,
1219 1533 1285 1577 non

214 1613 452 1689 rebaptizandos
475 1616 641 1689 iudicasse,
666 1618 722 1676 sed
744 1617 868 1676 usitatis
884 1618 1036 1677 ecclesiae
1053 1617 1285 1678 confirmandos

215 1717 382 1792 mysteriis.
435 1719 569 1780 Concilio
605 1735 732 1796 quoquo
763 1720 944 1779 eliberitano
980 1719 1122 1781 fidelibus
1157 1721 1285 1795 plenum

214 1818 371 1893 baptisma
398 1820 585 1882 habentibus
616 1824 644 1880 in
674 1821 862 1882 necessitate
887 1822 1043 1897 baptizare
1071 1822 1286 1899 permittitur.2

214 1918 321 1977 Victor
337 1921 429 1980 etiarn
445 1924 503 1984 XV
519 1925 729 1985 Romanorum
753 1924 893 2002 pontilex
918 1925 1084 1997 constituit,
1104 1931 1152 2000 „ut
1172 1916 1285 1984 neces-

215 2021 306 2082 sitate
329 2024 460 2086 faciente
483 2028 535 2086 ubi
558 2034 587 2087 et
610 2028 679 2086 ubia
701 2027 858 2088 inventum
882 2026 991 2086 luisset
1014 2028 1080 2086 sive
1105 2027 1133 2084 in
1154 2024 1284 2087 flumine

214 2125 332 2184 sivein
357 2129 434 2187 mari
457 2130 525 2187 siue
548 2128 578 2187 in
602 2129 747 2201 lontibus
777 2128 965 2190 christianae
994 2128 1183 2188 credulitatis
1207 2145 1285 2188 con-

214 2227 349 2288 sessione
372 2231 550 2307 clarificata,
575 2233 763 2306 quicumque
780 2247 819 2289 ex
842 2233 1010 2306 gentilitate
1025 2231 1155 2290 veniens
1177 2230 1283 2306 bapti-

127 2348 129 2351 ·
213 2332 388 2390 zaretur.“3
421 2333 453 2390 In
479 2332 539 2391 hoc
561 2339 665 2394 tamen
683 2340 714 2391 et
737 2333 888 2392 similibus
905 2349 963 2392 non
986 2333 1129 2393 tribuitur
1152 2333 1284 2408 quibus-

214 2447 347 2509 cumque
382 2434 557 2508 baptizandi
591 2436 760 2495 indiscreta
794 2435 931 2511 licentia,
965 2450 1035 2492 curn
1069 2432 1119 2494 inb
1152 2435 1283 2495 concilio

214 2536 445 2608 carthaginensi
461 2536 607 2596 mulieres
626 2533 846 2613 prohibeantur
861 2535 1045 2611 baptizare.4
1076 2537 1139 2597 Sed
1155 2537 1282 2596 demon-

281 2736 347 2799 aoe,
365 2736 440 2787 liceat
457 2737 509 2787 ubi.
528 2765 561 2772 -
580 2725 647 2800 boe,
664 2751 716 2787 om.
734 2738 768 2786 iu.

285 2943 293 2975 ¹
312 2936 362 2991 Gn.
382 2940 467 3000 husin,
485 2939 548 2992 Hist.
566 2940 627 2992 eccl.
646 2940 691 2992 lib.
703 2941 719 3003 Ι,
739 2956 778 3005 cp.
790 2940 855 2992 xlv.
890 2940 977 3005 Migne
995 2957 1014 2991 s.
1028 2940 1044 2991 l.
1057 2940 1122 3000 XXI,
1140 2956 1164 3006 p.
1176 2943 1235 2993 487.
1248 2969 1283 2979 -

215 3025 225 3060 ²
243 3021 303 3074 Can.
323 3025 362 3076 38.
384 3025 465 3086 „Loco
483 3041 589 3090 peregre
606 3027 757 3090 navigantes
776 3032 819 3077 aut
837 3029 858 3077 si
876 3027 983 3078 ecclesia
994 3027 1111 3090 proxima
1129 3041 1180 3075 non
1199 3025 1283 3088 luerit,

211 3123 286 3172 posse
308 3109 426 3173 fidelem,
452 3112 497 3176 qui
519 3112 651 3162 lavacrum
676 3126 753 3162 suum
779 3113 908 3176 integrum
931 3111 1007 3162 habel
1029 3126 1075 3161 nec
1097 3113 1129 3161 sit
1152 3111 1282 3174 bigamus,

211 3191 337 3257 baptizare
360 3195 387 3243 in
406 3196 552 3247 necessitate
573 3197 726 3246 infirmitatis
747 3197 857 3261 positum
883 3196 1120 3247 catechumenum.“
1157 3192 1206 3246 Clr.
1224 3209 1282 3260 sup.

210 3291 235 3341 p.
246 3278 277 3328 87
291 3284 341 3329 nol.
357 3280 378 3329 t.
397 3309 430 3316 —
451 3281 560 3332 ³Victor
574 3282 715 3333 tae-199.
747 3281 793 3342 „Et
810 3282 946 3344 constituit,
965 3286 992 3330 ut
1009 3281 1157 3331 necessitate
1175 3279 1283 3330 iaciente

212 3367 239 3412 ut
251 3363 340 3414 ubiubi
357 3365 477 3414 inventus
489 3366 584 3426 fuisset,
604 3368 658 3417 sive
676 3365 829 3428 influmine,
847 3366 941 3416 sivein
954 3367 1027 3428 mari,
1046 3367 1099 3415 sive
1116 3366 1142 3415 in
1160 3363 1282 3427 fontibus,

210 3453 308 3498 tanturn
318 3447 471 3500 christianae
483 3450 642 3501 consessione
654 3449 809 3500 credulitatis
822 3450 965 3512 clarificata,
975 3451 1132 3515 quicumque
1143 3447 1282 3500 hominum

210 3549 243 3582 ex
265 3533 355 3597 gentili
377 3536 483 3585 veniens
505 3539 532 3584 ut
554 3535 748 3599 baptizaretur.“
784 3536 812 3585 L.
824 3550 855 3599 .p.
874 3535 955 3585 Duch.
974 3535 993 3597 l,
1012 3550 1037 3600 p.
1058 3537 1114 3586 137.
1133 3563 1164 3570 -
1184 3539 1195 3571 ⁴
1213 3531 1282 3584 Con·

213 3617 302 3668 cilium
320 3618 433 3683 carthag.
453 3624 480 3669 ut
497 3618 589 3669 dicitur
605 3623 724 3685 quartum
740 3633 800 3669 ann.
813 3619 861 3670 398
880 3620 1008 3670 constituit
1025 3634 1080 3670 can.
1095 3619 1154 3670 100:
1174 3616 1284 3680 „Mulier

211 3703 338 3767 baptizare
356 3719 407 3754 non
425 3708 598 3769 p1·aesurnat“;
622 3703 670 3754 hos
688 3719 748 3754 vero
766 3718 877 3754 canones
895 3721 945 3755 non
970 3705 1113 3755 sanctiones
1131 3701 1281 3771 synodales,

212 3789 256 3838 sed
266 3789 397 3854 generalia
406 3795 498 3839 statuta
510 3788 631 3839 ecclesiae
643 3789 761 3853 antiquae
771 3804 835 3850 esse,
849 3789 982 3842 Bullerint'
989 3788 1056 3839 clare
1065 3787 1283 3840 demonstrabant.

211 3872 274 3938 Opp.
293 3873 386 3924 Leonis
404 3873 437 3924 M.
457 3880 473 3923 t.
486 3873 525 3936 ΙΙΙ,
543 3876 622 3938 prael.
640 3889 664 3938 p.
684 3877 781 3939 l9sqq.
799 3875 842 3926 clr.
856 3874 943 3924 Helele
961 3872 1036 3924 Conc.
1053 3872 1143 3925 Gesch.
1156 3871 1183 3936 il,
1202 3888 1226 3938 p.
1240 3874 1282 3927 68.
