2768 4552
496 1129 891 1261 Introduction.

224 1403 1231 1483 WalalridiStrabonis,viridoctissimi,operibusquaeeumper-

161 1509 254 1569 multa
267 1509 491 1582 conscripsisse
508 1516 638 1580 constat,
654 1525 710 1570 eos
726 1512 824 1587 quiin
841 1509 1072 1586 perscrutandis
1087 1509 1182 1570 rebus
1198 1517 1229 1570 et

158 1611 383 1671 ecclesiasticis
400 1617 432 1670 et
447 1613 670 1689 saecularibus
687 1615 797 1688 quales
813 1631 882 1673 cum
905 1614 973 1673 aliis
997 1613 1027 1671 in
1050 1612 1140 1672 terris
1162 1617 1227 1672 tum

157 1715 187 1773 iu
212 1713 379 1773 Germania
401 1715 508 1774 seculo
530 1732 560 1790 p.
586 1713 655 1773 Chr.
680 1733 708 1773 n.
738 1732 819 1775 nono
842 1716 972 1785 luerunt,
995 1719 1159 1775 versantes
1182 1716 1228 1774 in-

152 1818 301 1876 teriorem
333 1822 484 1891 expetunt
515 1816 737 1891 cognitionem,
769 1819 982 1894 maximopere
1011 1817 1110 1876 iuvari
1141 1815 1226 1877 haud

157 1919 222 1978 scio
245 1934 284 1977 an
302 1919 468 1993 quisquam
491 1918 583 1978 hodie
607 1918 776 1993 negaverit.
821 1918 900 1977 Fieri
922 1919 1015 1992 igitur
1033 1935 1093 1978 non
1119 1920 1226 1995 potuit,

156 2022 230 2096 quin
253 2021 375 2080 illorum
400 2037 531 2100 operum
561 2027 666 2080 textus
690 2022 742 2096 qui
766 2028 897 2080 vocatur
924 2022 1078 2096 genuinus
1102 2021 1226 2081 deside-

157 2124 388 2197 rareturisque
413 2122 616 2197 diligentiore,
641 2139 734 2199 quam
759 2122 865 2182 adhuc
888 2121 1027 2182 adhibita
1049 2130 1117 2181 erat
1140 2138 1225 2195 cura,

158 2224 198 2281 ad
221 2226 402 2300 optimorum
433 2232 463 2284 et
492 2226 775 2285 vetustissimorum
808 2225 948 2285 codicum
975 2224 1066 2284 iidem
1099 2226 1225 2299 evulga-

160 2331 252 2385 retur.
295 2310 382 2387 Nova
410 2333 441 2386 et
469 2327 635 2386 emendata
662 2326 774 2387 horum
797 2343 926 2403 operum
953 2324 1103 2387 editioni
1133 2343 1225 2402 para-

159 2433 255 2504 retur,
283 2429 399 2504 primus
428 2430 554 2490 feliciter
581 2447 687 2489 curam
717 2428 858 2489 adhibuit
881 2429 1033 2490 Ernestus
1058 2431 1224 2505 Dlimmler,

158 2532 211 2607 qui
233 2531 392 2593 Walalridi
424 2534 559 2593 carmina
589 2535 620 2593 in
649 2533 857 2592 Monumentis
886 2532 1066 2591 Germaniae
1099 2535 1223 2608 (poetae

153 2634 239 2693 latini
261 2635 295 2708 ll,
318 2635 453 2695 Berolini
483 2635 571 2709 1884,
595 2651 663 2711 pag.
688 2634 869 2710 loc-473)
893 2632 998 2693 edidit.

217 2738 300 2797 Inter
330 2754 425 2814 opera
453 2738 613 2798 Walalridi
643 2738 805 2797 Strabonis
833 2733 1086 2798 haud'ultimum
1120 2736 1221 2795 locum

152 2842 237 2896 tenet
267 2840 451 2911 opusculum
487 2841 578 2900 valde
613 2839 783 2915 concisum,
819 2838 903 2913 quod
936 2835 1129 2896 inscribitur:
1168 2836 1223 2906 ‚De

152 2940 293 3000 exordiis
309 2947 341 2999 et
362 2942 559 3002 incrementis
575 2941 770 3018 quarundam
786 2940 816 2999 in
834 2936 1105 3001 observationibus
1122 2939 1222 2996 eccle-

153 3041 288 3101 siasticis
303 3050 428 3116 rerum‘,
444 3046 527 3118 quod
542 3045 658 3119 legisse
673 3043 838 3102 maximam
855 3041 1045 3102 eruditorum
1061 3039 1219 3099 hominum

151 3148 271 3216 partem
296 3159 357 3203 non
381 3147 553 3220 poeniteat3
584 3163 644 3205 non
668 3146 748 3205 enim
773 3159 829 3205 eos
855 3150 972 3205 tantum
997 3140 1138 3215 respicio,
1168 3140 1219 3214 qui

151 3245 254 3305 studio
277 3245 454 3320 theologiae
471 3264 510 3307 ex
535 3248 635 3308 oliicio
660 3241 848 3323 peculiarem
867 3260 992 3321 operam
1017 3248 1140 3313 navant,
1164 3242 1221 3300 sed

151 3361 262 3408 omnes
285 3349 388 3424 potius
412 3351 550 3410 clericos
594 3350 697 3409 Habet
720 3349 800 3408 enim
831 3347 881 3406 hic
910 3346 1031 3406 libellus
1055 3359 1168 3417 magna
1190 3352 1221 3403 et

150 3450 278 3524 egregie
300 3451 496 3524 documenta,
520 3452 633 3528 quibus
650 3449 861 3511 ecclesiastica
877 3449 1016 3508 doctrina
1031 3446 1219 3524 vivendique

149 3552 245 3620 ratio,
279 3554 380 3629 qualis
408 3554 521 3629 insigni
549 3555 598 3614 illa
628 3561 743 3626 aetate,
779 3552 863 3612 initio
894 3551 1013 3611 scilicet
1042 3551 1138 3610 seculi
1168 3550 1217 3609 IX.

106 3704 111 3718 .
149 3652 284 3729 vigebat,
310 3672 368 3715 non
386 3657 582 3717 mediocriter
601 3657 770 3717 illustratur
787 3660 817 3714 et
839 3654 1036 3713 illuminatur.
1081 3651 1119 3710 Et
1141 3667 1219 3726 quo-

149 3756 232 3815 niam
256 3756 307 3816 hic
327 3758 450 3818 libellus
474 3759 550 3818 tanti
572 3759 721 3819 momenti
744 3758 891 3832 idemque
913 3762 977 3813 tam
1000 3760 1149 3813 accurate
1172 3761 1219 3811 at·

149 3843 212 3933 oue
230 3859 378 3920 concinne
394 3862 584 3935 compositus
601 3866 656 3932 est,
680 3859 755 3918 mihi
777 3865 899 3935 praeter
918 3863 1038 3917 ceteros
1055 3855 1219 3914 videbatur
