<?xml version="1.0" encoding="UTF-8"?>
<!DOCTYPE html PUBLIC "-//W3C//DTD XHTML 1.0 Transitional//EN"
    "http://www.w3.org/TR/xhtml1/DTD/xhtml1-transitional.dtd">
<html xmlns="http://www.w3.org/1999/xhtml" xml:lang="en" lang="en">
 <head>
  <title>
</title>
<meta http-equiv="Content-Type" content="text/html;charset=utf-8" />
  <meta name='ocr-system' content='tesseract 3.04.00' />
  <meta name='ocr-capabilities' content='ocr_page ocr_carea ocr_par ocr_line ocrx_word'/>
</head>
<body>
  <div class='ocr_page' id='page_1' title='image "./liberdeexordiis00walagoog/liberdeexordiis00walagoog_0110.png"; bbox 0 0 2768 4552; ppageno 0'>
   <div class='ocr_carea' id='block_1_1' title="bbox 587 331 792 392">
    <p class='ocr_par' dir='ltr' id='par_1_1' title="bbox 587 331 792 392">
     <span class='ocr_line' id='line_1_1' title="bbox 587 331 792 392; baseline 0 -20"><span class='ocrx_word' id='word_1_1' title='bbox 587 331 792 392; x_wconf 68' lang='lat'>„37-</span> 
     </span>
    </p>
   </div>
   <div class='ocr_carea' id='block_1_2' title="bbox 157 488 1229 2107">
    <p class='ocr_par' dir='ltr' id='par_1_2' title="bbox 157 488 1229 2107">
     <span class='ocr_line' id='line_1_2' title="bbox 161 488 1227 579; baseline 0.008 -23"><span class='ocrx_word' id='word_1_2' title='bbox 161 497 248 571; x_wconf 76' lang='lat' dir='ltr'>Quod</span> <span class='ocrx_word' id='word_1_3' title='bbox 277 498 303 556; x_wconf 92' lang='lat' dir='ltr'>si</span> <span class='ocrx_word' id='word_1_4' title='bbox 337 512 356 556; x_wconf 89' lang='lat' dir='ltr'>a</span> <span class='ocrx_word' id='word_1_5' title='bbox 387 496 518 557; x_wconf 88' lang='lat' dir='ltr'>diacono</span> <span class='ocrx_word' id='word_1_6' title='bbox 547 501 597 558; x_wconf 84' lang='lat' dir='ltr'>vel</span> <span class='ocrx_word' id='word_1_7' title='bbox 628 499 768 575; x_wconf 91' lang='lat' dir='ltr'>quolibet</span> <span class='ocrx_word' id='word_1_8' title='bbox 800 500 859 560; x_wconf 90' lang='lat' dir='ltr'>allo</span> <span class='ocrx_word' id='word_1_9' title='bbox 894 500 1019 560; x_wconf 93' lang='lat' dir='ltr'>homine</span> <span class='ocrx_word' id='word_1_10' title='bbox 1052 488 1227 579; x_wconf 83' lang='lat' dir='ltr'>baptizatus</span> 
     </span>
     <span class='ocr_line' id='line_1_3' title="bbox 161 599 1229 672; baseline 0.007 -15"><span class='ocrx_word' id='word_1_11' title='bbox 161 614 236 658; x_wconf 90' lang='lat' dir='ltr'>casu</span> <span class='ocrx_word' id='word_1_12' title='bbox 264 604 335 657; x_wconf 88' lang='lat' dir='ltr'>ante</span> <span class='ocrx_word' id='word_1_13' title='bbox 366 599 631 659; x_wconf 88' lang='lat' dir='ltr'>confirmationem</span> <span class='ocrx_word' id='word_1_14' title='bbox 664 603 836 672; x_wconf 86' lang='lat' dir='ltr'>transierit,</span> <span class='ocrx_word' id='word_1_15' title='bbox 867 604 1061 662; x_wconf 71' lang='lat' dir='ltr'>credendusa</span> <span class='ocrx_word' id='word_1_16' title='bbox 1089 621 1148 664; x_wconf 90' lang='lat' dir='ltr'>non</span> <span class='ocrx_word' id='word_1_17' title='bbox 1180 614 1229 666; x_wconf 88' lang='lat' dir='ltr'>est</span> 
     </span>
     <span class='ocr_line' id='line_1_4' title="bbox 157 700 1228 780; baseline 0.009 -21"><span class='ocrx_word' id='word_1_18' title='bbox 157 701 261 777; x_wconf 80' lang='lat' dir='ltr'>¹perire</span> <span class='ocrx_word' id='word_1_19' title='bbox 284 708 411 776; x_wconf 90' lang='lat' dir='ltr'>propter</span> <span class='ocrx_word' id='word_1_20' title='bbox 434 700 503 772; x_wconf 90' lang='lat' dir='ltr'>hoo,</span> <span class='ocrx_word' id='word_1_21' title='bbox 527 703 599 778; x_wconf 90' lang='lat' dir='ltr'>quia</span> <span class='ocrx_word' id='word_1_22' title='bbox 622 704 681 763; x_wconf 90' lang='lat' dir='ltr'>sub</span> <span class='ocrx_word' id='word_1_23' title='bbox 705 703 765 762; x_wconf 88' lang='lat' dir='ltr'>fide</span> <span class='ocrx_word' id='word_1_24' title='bbox 790 720 851 780; x_wconf 90' lang='lat' dir='ltr'>qua</span> <span class='ocrx_word' id='word_1_25' title='bbox 870 703 999 763; x_wconf 86' lang='lat' dir='ltr'>eredidit</span> <span class='ocrx_word' id='word_1_26' title='bbox 1021 707 1132 779; x_wconf 90' lang='lat' dir='ltr'>poterit</span> <span class='ocrx_word' id='word_1_27' title='bbox 1155 723 1228 768; x_wconf 88' lang='lat' dir='ltr'>esse</span> 
     </span>
     <span class='ocr_line' id='line_1_5' title="bbox 161 804 1227 886; baseline 0.008 -24"><span class='ocrx_word' id='word_1_28' title='bbox 161 804 278 874; x_wconf 68' lang='lat' dir='ltr'>salvus</span> <span class='ocrx_word' id='word_1_29' title='bbox 303 805 330 863; x_wconf 91' lang='lat' dir='ltr'>si</span> <span class='ocrx_word' id='word_1_30' title='bbox 353 819 423 862; x_wconf 89' lang='lat' dir='ltr'>eum</span> <span class='ocrx_word' id='word_1_31' title='bbox 447 810 521 880; x_wconf 91' lang='lat' dir='ltr'>post</span> <span class='ocrx_word' id='word_1_32' title='bbox 543 805 710 866; x_wconf 85' lang='lat' dir='ltr'>commissa</span> <span class='ocrx_word' id='word_1_33' title='bbox 733 812 863 882; x_wconf 86' lang='lat' dir='ltr'>peccata</span> <span class='ocrx_word' id='word_1_34' title='bbox 886 822 946 866; x_wconf 90' lang='lat' dir='ltr'>non</span> <span class='ocrx_word' id='word_1_35' title='bbox 970 809 1135 886; x_wconf 90' lang='lat' dir='ltr'>perimant;</span> <span class='ocrx_word' id='word_1_36' title='bbox 1158 812 1227 886; x_wconf 80' lang='lat' dir='ltr'>lege</span> 
     </span>
     <span class='ocr_line' id='line_1_6' title="bbox 161 905 1228 988; baseline 0.007 -23"><span class='ocrx_word' id='word_1_37' title='bbox 161 905 282 965; x_wconf 89' lang='lat' dir='ltr'>concilii</span> <span class='ocrx_word' id='word_1_38' title='bbox 305 905 478 965; x_wconf 83' lang='lat' dir='ltr'>eliberitani</span> <span class='ocrx_word' id='word_1_39' title='bbox 503 906 652 967; x_wconf 81' lang='lat' dir='ltr'>decreta.l</span> <span class='ocrx_word' id='word_1_40' title='bbox 698 908 758 966; x_wconf 91' lang='lat' dir='ltr'>Alii</span> <span class='ocrx_word' id='word_1_41' title='bbox 783 909 968 969; x_wconf 90' lang='lat' dir='ltr'>addiderunt</span> <span class='ocrx_word' id='word_1_42' title='bbox 983 911 1012 969; x_wconf 93' lang='lat' dir='ltr'>in</span> <span class='ocrx_word' id='word_1_43' title='bbox 1030 911 1228 988; x_wconf 88' lang='lat' dir='ltr'>baptismatis</span> 
     </span>
     <span class='ocr_line' id='line_1_7' title="bbox 160 1008 1227 1085; baseline 0.007 -17"><span class='ocrx_word' id='word_1_44' title='bbox 160 1015 357 1069; x_wconf 88' lang='lat' dir='ltr'>sacramento</span> <span class='ocrx_word' id='word_1_45' title='bbox 381 1009 582 1079; x_wconf 81' lang='lat' dir='ltr'>exorcismos,</span> <span class='ocrx_word' id='word_1_46' title='bbox 605 1008 654 1067; x_wconf 92' lang='lat' dir='ltr'>alii</span> <span class='ocrx_word' id='word_1_47' title='bbox 678 1012 947 1073; x_wconf 89' lang='lat' dir='ltr'>consecrationem</span> <span class='ocrx_word' id='word_1_48' title='bbox 964 1012 1063 1085; x_wconf 87' lang='lat' dir='ltr'>tontis,</span> <span class='ocrx_word' id='word_1_49' title='bbox 1088 1015 1136 1074; x_wconf 91' lang='lat' dir='ltr'>alii</span> <span class='ocrx_word' id='word_1_50' title='bbox 1152 1016 1227 1076; x_wconf 89' lang='lat' dir='ltr'>salis</span> 
     </span>
     <span class='ocr_line' id='line_1_8' title="bbox 158 1111 1225 1182; baseline 0.008 -15"><span class='ocrx_word' id='word_1_51' title='bbox 158 1113 210 1170; x_wconf 81' lang='lat' dir='ltr'>vel</span> <span class='ocrx_word' id='word_1_52' title='bbox 239 1112 357 1170; x_wconf 79' lang='lat' dir='ltr'>salivae</span> <span class='ocrx_word' id='word_1_53' title='bbox 389 1111 588 1182; x_wconf 77' lang='lat' dir='ltr'>infusionem,</span> <span class='ocrx_word' id='word_1_54' title='bbox 619 1111 670 1169; x_wconf 91' lang='lat' dir='ltr'>alii</span> <span class='ocrx_word' id='word_1_55' title='bbox 700 1112 993 1174; x_wconf 83' lang='lat' dir='ltr'>cathecumenorum</span> <span class='ocrx_word' id='word_1_56' title='bbox 1023 1116 1225 1176; x_wconf 87' lang='lat' dir='ltr'>ordinabilem</span> 
     </span>
     <span class='ocr_line' id='line_1_9' title="bbox 159 1212 1225 1290; baseline 0.007 -20"><span class='ocrx_word' id='word_1_57' title='bbox 159 1212 405 1283; x_wconf 87' lang='lat' dir='ltr'>instructionem,</span> <span class='ocrx_word' id='word_1_58' title='bbox 444 1214 493 1271; x_wconf 90' lang='lat' dir='ltr'>alii</span> <span class='ocrx_word' id='word_1_59' title='bbox 535 1213 684 1273; x_wconf 88' lang='lat' dir='ltr'>scrutinia</span> <span class='ocrx_word' id='word_1_60' title='bbox 717 1212 994 1290; x_wconf 83' lang='lat' dir='ltr'>diligentissimaeb</span> <span class='ocrx_word' id='word_1_61' title='bbox 1033 1218 1072 1277; x_wconf 90' lang='lat' dir='ltr'>ad</span> <span class='ocrx_word' id='word_1_62' title='bbox 1105 1224 1225 1279; x_wconf 90' lang='lat' dir='ltr'>tantum</span> 
     </span>
     <span class='ocr_line' id='line_1_10' title="bbox 159 1316 1226 1393; baseline 0.004 -20"><span class='ocrx_word' id='word_1_63' title='bbox 159 1316 344 1389; x_wconf 78' lang='lat' dir='ltr'>mysterium</span> <span class='ocrx_word' id='word_1_64' title='bbox 376 1316 622 1390; x_wconf 87' lang='lat' dir='ltr'>praeparationis</span> <span class='ocrx_word' id='word_1_65' title='bbox 650 1319 863 1393; x_wconf 81' lang='lat' dir='ltr'>statuerunt23</span> <span class='ocrx_word' id='word_1_66' title='bbox 894 1317 949 1377; x_wconf 91' lang='lat' dir='ltr'>sed</span> <span class='ocrx_word' id='word_1_67' title='bbox 979 1324 1010 1375; x_wconf 89' lang='lat' dir='ltr'>et</span> <span class='ocrx_word' id='word_1_68' title='bbox 1038 1319 1134 1378; x_wconf 90' lang='lat' dir='ltr'>multa</span> <span class='ocrx_word' id='word_1_69' title='bbox 1157 1319 1226 1390; x_wconf 91' lang='lat' dir='ltr'>alia,</span> 
     </span>
     <span class='ocr_line' id='line_1_11' title="bbox 160 1417 1226 1492; baseline 0.006 -18"><span class='ocrx_word' id='word_1_70' title='bbox 160 1433 241 1492; x_wconf 86' lang='lat' dir='ltr'>quae</span> <span class='ocrx_word' id='word_1_71' title='bbox 265 1426 295 1476; x_wconf 91' lang='lat' dir='ltr'>et</span> <span class='ocrx_word' id='word_1_72' title='bbox 317 1417 470 1492; x_wconf 89' lang='lat' dir='ltr'>exemplis</span> <span class='ocrx_word' id='word_1_73' title='bbox 499 1417 674 1478; x_wconf 89' lang='lat' dir='ltr'>divinorum</span> <span class='ocrx_word' id='word_1_74' title='bbox 705 1427 830 1479; x_wconf 86' lang='lat' dir='ltr'>actuum</span> <span class='ocrx_word' id='word_1_75' title='bbox 851 1424 900 1479; x_wconf 87' lang='lat' dir='ltr'>vel</span> <span class='ocrx_word' id='word_1_76' title='bbox 925 1419 1074 1479; x_wconf 86' lang='lat' dir='ltr'>dictorum</span> <span class='ocrx_word' id='word_1_77' title='bbox 1100 1421 1226 1480; x_wconf 88' lang='lat' dir='ltr'>inventa</span> 
     </span>
     <span class='ocr_line' id='line_1_12' title="bbox 159 1519 1229 1597; baseline 0.004 -19"><span class='ocrx_word' id='word_1_78' title='bbox 159 1525 231 1578; x_wconf 87' lang='lat' dir='ltr'>sunt</span> <span class='ocrx_word' id='word_1_79' title='bbox 266 1527 296 1578; x_wconf 89' lang='lat' dir='ltr'>et</span> <span class='ocrx_word' id='word_1_80' title='bbox 328 1519 615 1597; x_wconf 84' lang='lat' dir='ltr'>congruentissimis</span> <span class='ocrx_word' id='word_1_81' title='bbox 647 1521 828 1596; x_wconf 86' lang='lat' dir='ltr'>spiritalium</span> <span class='ocrx_word' id='word_1_82' title='bbox 864 1524 1078 1597; x_wconf 89' lang='lat' dir='ltr'>prol&#39;ectuumc</span> <span class='ocrx_word' id='word_1_83' title='bbox 1112 1522 1229 1597; x_wconf 81' lang='lat' dir='ltr'>signifi-</span> 
     </span>
     <span class='ocr_line' id='line_1_13' title="bbox 159 1604 1228 1698; baseline 0.004 -18"><span class='ocrx_word' id='word_1_84' title='bbox 159 1621 332 1682; x_wconf 85' lang='lat' dir='ltr'>cationibus</span> <span class='ocrx_word' id='word_1_85' title='bbox 356 1624 449 1697; x_wconf 89' lang='lat' dir='ltr'>plena</span> <span class='ocrx_word' id='word_1_86' title='bbox 471 1629 656 1692; x_wconf 86' lang='lat' dir='ltr'>noscuntur,</span> <span class='ocrx_word' id='word_1_87' title='bbox 683 1623 763 1681; x_wconf 89' lang='lat' dir='ltr'>sicut</span> <span class='ocrx_word' id='word_1_88' title='bbox 786 1623 916 1697; x_wconf 89' lang='lat' dir='ltr'>copiosa</span> <span class='ocrx_word' id='word_1_89' title='bbox 941 1623 1073 1698; x_wconf 90' lang='lat' dir='ltr'>priorum</span> <span class='ocrx_word' id='word_1_90' title='bbox 1099 1604 1138 1683; x_wconf 88' lang='lat' dir='ltr'>de</span> <span class='ocrx_word' id='word_1_91' title='bbox 1162 1621 1228 1684; x_wconf 81' lang='lat' dir='ltr'>eisd</span> 
     </span>
     <span class='ocr_line' id='line_1_14' title="bbox 158 1716 1228 1799; baseline 0.003 -18"><span class='ocrx_word' id='word_1_92' title='bbox 158 1724 255 1783; x_wconf 89' lang='lat' dir='ltr'>rebus</span> <span class='ocrx_word' id='word_1_93' title='bbox 283 1724 470 1785; x_wconf 89' lang='lat' dir='ltr'>documenta</span> <span class='ocrx_word' id='word_1_94' title='bbox 499 1723 722 1783; x_wconf 88' lang='lat' dir='ltr'>demonstrant.</span> <span class='ocrx_word' id='word_1_95' title='bbox 781 1723 962 1785; x_wconf 82' lang='lat' dir='ltr'>Celebratur</span> <span class='ocrx_word' id='word_1_96' title='bbox 992 1716 1098 1785; x_wconf 90' lang='lat' dir='ltr'>autem&#39;</span> <span class='ocrx_word' id='word_1_97' title='bbox 1126 1727 1228 1799; x_wconf 93' lang='lat' dir='ltr'>ipsum</span> 
     </span>
     <span class='ocr_line' id='line_1_15' title="bbox 160 1824 1227 1904; baseline 0.004 -22"><span class='ocrx_word' id='word_1_98' title='bbox 160 1824 315 1900; x_wconf 90' lang='lat' dir='ltr'>baptisma</span> <span class='ocrx_word' id='word_1_99' title='bbox 328 1842 437 1886; x_wconf 85' lang='lat' dir='ltr'>verum</span> <span class='ocrx_word' id='word_1_100' title='bbox 455 1842 514 1885; x_wconf 89' lang='lat' dir='ltr'>non</span> <span class='ocrx_word' id='word_1_101' title='bbox 539 1826 597 1885; x_wconf 89' lang='lat' dir='ltr'>nisi</span> <span class='ocrx_word' id='word_1_102' title='bbox 620 1828 790 1887; x_wconf 90' lang='lat' dir='ltr'>innomine</span> <span class='ocrx_word' id='word_1_103' title='bbox 808 1843 948 1886; x_wconf 92' lang='lat' dir='ltr'>summae</span> <span class='ocrx_word' id='word_1_104' title='bbox 971 1829 1122 1901; x_wconf 89' lang='lat' dir='ltr'>trinitatis,</span> <span class='ocrx_word' id='word_1_105' title='bbox 1146 1828 1227 1904; x_wconf 88' lang='lat' dir='ltr'>quod</span> 
     </span>
     <span class='ocr_line' id='line_1_16' title="bbox 158 1927 1227 2005; baseline 0.003 -19"><span class='ocrx_word' id='word_1_106' title='bbox 158 1932 189 1986; x_wconf 91' lang='lat' dir='ltr'>et</span> <span class='ocrx_word' id='word_1_107' title='bbox 204 1927 355 1987; x_wconf 89' lang='lat' dir='ltr'>Dominus</span> <span class='ocrx_word' id='word_1_108' title='bbox 378 1929 446 2005; x_wconf 93' lang='lat' dir='ltr'>ipse</span> <span class='ocrx_word' id='word_1_109' title='bbox 466 1929 624 1988; x_wconf 84' lang='lat' dir='ltr'>ostendit³</span> <span class='ocrx_word' id='word_1_110' title='bbox 647 1938 678 1988; x_wconf 90' lang='lat' dir='ltr'>et</span> <span class='ocrx_word' id='word_1_111' title='bbox 700 1945 836 1989; x_wconf 90' lang='lat' dir='ltr'>canones</span> <span class='ocrx_word' id='word_1_112' title='bbox 853 1932 1065 2003; x_wconf 92' lang='lat' dir='ltr'>apostolorum</span> <span class='ocrx_word' id='word_1_113' title='bbox 1081 1931 1227 2004; x_wconf 77' lang='lat' dir='ltr'>docent43</span> 
     </span>
     <span class='ocr_line' id='line_1_17' title="bbox 158 2029 1227 2107; baseline 0.005 -21"><span class='ocrx_word' id='word_1_114' title='bbox 158 2029 239 2087; x_wconf 91' lang='lat' dir='ltr'>unde</span> <span class='ocrx_word' id='word_1_115' title='bbox 254 2030 442 2106; x_wconf 87' lang='lat' dir='ltr'>quicumque</span> <span class='ocrx_word' id='word_1_116' title='bbox 458 2033 509 2089; x_wconf 90' lang='lat' dir='ltr'>vel</span> <span class='ocrx_word' id='word_1_117' title='bbox 531 2029 570 2089; x_wconf 90' lang='lat' dir='ltr'>ab</span> <span class='ocrx_word' id='word_1_118' title='bbox 594 2030 763 2090; x_wconf 87' lang='lat' dir='ltr'>haereticis</span> <span class='ocrx_word' id='word_1_119' title='bbox 787 2029 816 2088; x_wconf 92' lang='lat' dir='ltr'>in</span> <span class='ocrx_word' id='word_1_120' title='bbox 840 2031 1227 2107; x_wconf 86' lang='lat' dir='ltr'>trinitatebaptizantibus</span> 
     </span>
    </p>
   </div>
   <div class='ocr_carea' id='block_1_3' title="bbox 225 2185 1225 2261">
    <p class='ocr_par' dir='ltr' id='par_1_3' title="bbox 225 2185 1225 2261">
     <span class='ocr_line' id='line_1_18' title="bbox 225 2185 1225 2261; baseline 0.001 -14"><span class='ocrx_word' id='word_1_121' title='bbox 225 2198 238 2225; x_wconf 72' lang='lat'>³</span> <span class='ocrx_word' id='word_1_122' title='bbox 257 2214 295 2258; x_wconf 85' lang='lat' dir='ltr'>oe,</span> <span class='ocrx_word' id='word_1_123' title='bbox 312 2197 476 2248; x_wconf 85' lang='lat' dir='ltr'>credendum.</span> <span class='ocrx_word' id='word_1_124' title='bbox 499 2225 530 2234; x_wconf 90' lang='grc'><strong>-</strong></span> <span class='ocrx_word' id='word_1_125' title='bbox 555 2185 568 2224; x_wconf 69' lang='lat' dir='ltr'>b</span> <span class='ocrx_word' id='word_1_126' title='bbox 587 2213 625 2259; x_wconf 86' lang='lat' dir='ltr'>oe,</span> <span class='ocrx_word' id='word_1_127' title='bbox 643 2197 848 2261; x_wconf 87' lang='lat' dir='ltr'>diligentissime.</span> <span class='ocrx_word' id='word_1_128' title='bbox 867 2227 899 2233; x_wconf 98' lang='lat'><strong>—</strong></span> <span class='ocrx_word' id='word_1_129' title='bbox 918 2197 928 2223; x_wconf 75' lang='lat'><strong>⁰</strong></span> <span class='ocrx_word' id='word_1_130' title='bbox 948 2213 982 2257; x_wconf 90' lang='lat' dir='ltr'>rn,</span> <span class='ocrx_word' id='word_1_131' title='bbox 1005 2198 1170 2261; x_wconf 82' lang='lat' dir='ltr'>perfectuum.</span> <span class='ocrx_word' id='word_1_132' title='bbox 1194 2229 1225 2236; x_wconf 99' lang='lat'>—</span> 
     </span>
    </p>
   </div>
   <div class='ocr_carea' id='block_1_4' title="bbox 157 2267 353 2342">
    <p class='ocr_par' dir='ltr' id='par_1_4' title="bbox 157 2267 353 2342">
     <span class='ocr_line' id='line_1_19' title="bbox 157 2267 353 2342; baseline 0.015 -12"><span class='ocrx_word' id='word_1_133' title='bbox 157 2267 172 2308; x_wconf 79' lang='lat'>‘¹</span> <span class='ocrx_word' id='word_1_134' title='bbox 190 2298 228 2342; x_wconf 86' lang='lat' dir='ltr'>oe,</span> <span class='ocrx_word' id='word_1_135' title='bbox 247 2282 353 2333; x_wconf 88' lang='lat' dir='ltr'>eisdem.</span> 
     </span>
    </p>
   </div>
   <div class='ocr_carea' id='block_1_5' title="bbox 155 2434 1228 3945">
    <p class='ocr_par' dir='ltr' id='par_1_5' title="bbox 155 2434 1228 2671">
     <span class='ocr_line' id='line_1_20' title="bbox 156 2434 1228 2501; baseline 0.003 -17"><span class='ocrx_word' id='word_1_136' title='bbox 156 2440 207 2501; x_wconf 84' lang='lat' dir='ltr'>est;</span> <span class='ocrx_word' id='word_1_137' title='bbox 220 2451 272 2485; x_wconf 93' lang='lat' dir='ltr'>non</span> <span class='ocrx_word' id='word_1_138' title='bbox 282 2440 310 2486; x_wconf 95' lang='lat' dir='ltr'>ut</span> <span class='ocrx_word' id='word_1_139' title='bbox 322 2434 500 2499; x_wconf 86' lang='lat' dir='ltr'>praeiudicans</span> <span class='ocrx_word' id='word_1_140' title='bbox 512 2436 658 2500; x_wconf 89' lang='lat' dir='ltr'>quicquam,</span> <span class='ocrx_word' id='word_1_141' title='bbox 672 2435 717 2487; x_wconf 91' lang='lat' dir='ltr'>sed</span> <span class='ocrx_word' id='word_1_142' title='bbox 730 2441 756 2485; x_wconf 93' lang='lat' dir='ltr'>ut</span> <span class='ocrx_word' id='word_1_143' title='bbox 769 2452 819 2486; x_wconf 90' lang='lat' dir='ltr'>non</span> <span class='ocrx_word' id='word_1_144' title='bbox 832 2437 974 2487; x_wconf 85' lang='lat' dir='ltr'>necessaria</span> <span class='ocrx_word' id='word_1_145' title='bbox 987 2435 1110 2486; x_wconf 89' lang='lat' dir='ltr'>habeatur</span> <span class='ocrx_word' id='word_1_146' title='bbox 1122 2438 1228 2501; x_wconf 88' lang='lat' dir='ltr'>repetita</span> 
     </span>
     <span class='ocr_line' id='line_1_21' title="bbox 156 2517 1226 2588; baseline 0.004 -19"><span class='ocrx_word' id='word_1_147' title='bbox 156 2517 328 2571; x_wconf 79' lang='lat' dir='ltr'>chrismatio.“</span> <span class='ocrx_word' id='word_1_148' title='bbox 359 2519 443 2569; x_wconf 87' lang='lat' dir='ltr'>Mansi</span> <span class='ocrx_word' id='word_1_149' title='bbox 460 2526 476 2569; x_wconf 93' lang='lat' dir='ltr'>t.</span> <span class='ocrx_word' id='word_1_150' title='bbox 489 2519 533 2581; x_wconf 89' lang='lat' dir='ltr'>VI,</span> <span class='ocrx_word' id='word_1_151' title='bbox 551 2536 576 2585; x_wconf 88' lang='lat' dir='ltr'>p.</span> <span class='ocrx_word' id='word_1_152' title='bbox 588 2522 645 2572; x_wconf 88' lang='grc'>444.</span> <span class='ocrx_word' id='word_1_153' title='bbox 677 2519 725 2569; x_wconf 71' lang='lat' dir='ltr'>Cli.</span> <span class='ocrx_word' id='word_1_154' title='bbox 738 2519 875 2585; x_wconf 73' lang='lat' dir='ltr'>Binyltam</span> <span class='ocrx_word' id='word_1_155' title='bbox 894 2520 991 2586; x_wconf 81' lang='lat' dir='ltr'>Origin.</span> <span class='ocrx_word' id='word_1_156' title='bbox 1010 2538 1030 2572; x_wconf 92' lang='lat' dir='ltr'>s.</span> <span class='ocrx_word' id='word_1_157' title='bbox 1042 2522 1149 2588; x_wconf 85' lang='lat' dir='ltr'>Antiqu.</span> <span class='ocrx_word' id='word_1_158' title='bbox 1164 2521 1226 2574; x_wconf 85' lang='lat' dir='ltr'>eccl.</span> 
     </span>
     <span class='ocr_line' id='line_1_22' title="bbox 155 2604 1100 2671; baseline 0.003 -17"><span class='ocrx_word' id='word_1_159' title='bbox 155 2609 173 2654; x_wconf 90' lang='lat' dir='ltr'>t.</span> <span class='ocrx_word' id='word_1_160' title='bbox 193 2604 278 2669; x_wconf 86' lang='lat' dir='ltr'>1v‚p.</span> <span class='ocrx_word' id='word_1_161' title='bbox 298 2607 355 2657; x_wconf 83' lang='lat'>336.</span> <span class='ocrx_word' id='word_1_162' title='bbox 377 2605 473 2668; x_wconf 68' lang='lat' dir='ltr'>draus,</span> <span class='ocrx_word' id='word_1_163' title='bbox 492 2604 674 2671; x_wconf 81' lang='lat' dir='ltr'>Real-Encycl.</span> <span class='ocrx_word' id='word_1_164' title='bbox 693 2610 709 2654; x_wconf 93' lang='lat' dir='ltr'>t.</span> <span class='ocrx_word' id='word_1_165' title='bbox 727 2605 754 2663; x_wconf 82' lang='lat' dir='ltr'>ll,</span> <span class='ocrx_word' id='word_1_166' title='bbox 773 2621 797 2669; x_wconf 93' lang='lat' dir='ltr'>p.</span> <span class='ocrx_word' id='word_1_167' title='bbox 816 2608 873 2656; x_wconf 80' lang='lat' dir='ltr'>llll.</span> <span class='ocrx_word' id='word_1_168' title='bbox 893 2623 913 2658; x_wconf 92' lang='lat' dir='ltr'>s.</span> <span class='ocrx_word' id='word_1_169' title='bbox 933 2623 956 2658; x_wconf 90' lang='lat' dir='ltr'>v.</span> <span class='ocrx_word' id='word_1_170' title='bbox 976 2605 1100 2671; x_wconf 87' lang='lat' dir='ltr'>Salbung.</span> 
     </span>
    </p>

    <p class='ocr_par' dir='ltr' id='par_1_6' title="bbox 156 2688 1228 3945">
     <span class='ocr_line' id='line_1_23' title="bbox 228 2688 1228 2753; baseline 0.003 -13"><span class='ocrx_word' id='word_1_171' title='bbox 228 2688 399 2740; x_wconf 88' lang='lat' dir='ltr'>1Concilium</span> <span class='ocrx_word' id='word_1_172' title='bbox 426 2690 604 2740; x_wconf 89' lang='lat' dir='ltr'>eliberitanum</span> <span class='ocrx_word' id='word_1_173' title='bbox 633 2704 699 2739; x_wconf 90' lang='lat' dir='ltr'>anno</span> <span class='ocrx_word' id='word_1_174' title='bbox 723 2691 772 2741; x_wconf 83' lang='lat'>306</span> <span class='ocrx_word' id='word_1_175' title='bbox 799 2692 929 2740; x_wconf 82' lang='lat' dir='ltr'>constituit</span> <span class='ocrx_word' id='word_1_176' title='bbox 955 2692 984 2743; x_wconf 87' lang='grc'>81</span> <span class='ocrx_word' id='word_1_177' title='bbox 1014 2707 1137 2753; x_wconf 87' lang='lat' dir='ltr'>canones,</span> <span class='ocrx_word' id='word_1_178' title='bbox 1164 2694 1228 2745; x_wconf 87' lang='lat' dir='ltr'>inter</span> 
     </span>
     <span class='ocr_line' id='line_1_24' title="bbox 157 2774 1227 2843; baseline 0.004 -18"><span class='ocrx_word' id='word_1_179' title='bbox 157 2790 221 2841; x_wconf 87' lang='lat' dir='ltr'>quos</span> <span class='ocrx_word' id='word_1_180' title='bbox 255 2774 412 2825; x_wconf 88' lang='lat' dir='ltr'>Walalridus</span> <span class='ocrx_word' id='word_1_181' title='bbox 443 2774 486 2825; x_wconf 89' lang='lat' dir='ltr'>hic</span> <span class='ocrx_word' id='word_1_182' title='bbox 517 2774 644 2839; x_wconf 91' lang='lat' dir='ltr'>imprimis</span> <span class='ocrx_word' id='word_1_183' title='bbox 675 2776 800 2840; x_wconf 86' lang='lat' dir='ltr'>respicere</span> <span class='ocrx_word' id='word_1_184' title='bbox 829 2775 930 2826; x_wconf 86' lang='lat' dir='ltr'>videtur</span> <span class='ocrx_word' id='word_1_185' title='bbox 957 2793 994 2830; x_wconf 89' lang='lat' dir='ltr'>nr.</span> <span class='ocrx_word' id='word_1_186' title='bbox 1019 2780 1063 2828; x_wconf 75' lang='lat' dir='ltr'>li:</span> <span class='ocrx_word' id='word_1_187' title='bbox 1099 2775 1142 2839; x_wconf 85' lang='lat' dir='ltr'>„Si</span> <span class='ocrx_word' id='word_1_188' title='bbox 1169 2780 1227 2843; x_wconf 90' lang='lat' dir='ltr'>quis</span> 
     </span>
     <span class='ocr_line' id='line_1_25' title="bbox 157 2859 1227 2928; baseline 0.002 -18"><span class='ocrx_word' id='word_1_189' title='bbox 157 2860 279 2910; x_wconf 89' lang='lat' dir='ltr'>diaconus</span> <span class='ocrx_word' id='word_1_190' title='bbox 298 2875 389 2924; x_wconf 80' lang='lat' dir='ltr'>regens</span> <span class='ocrx_word' id='word_1_191' title='bbox 407 2859 509 2924; x_wconf 91' lang='lat' dir='ltr'>plebem</span> <span class='ocrx_word' id='word_1_192' title='bbox 528 2859 582 2908; x_wconf 90' lang='lat' dir='ltr'>sine</span> <span class='ocrx_word' id='word_1_193' title='bbox 594 2860 713 2923; x_wconf 87' lang='lat' dir='ltr'>episcopo</span> <span class='ocrx_word' id='word_1_194' title='bbox 727 2860 769 2909; x_wconf 93' lang='lat' dir='ltr'>vel</span> <span class='ocrx_word' id='word_1_195' title='bbox 781 2860 928 2927; x_wconf 83' lang='lat' dir='ltr'>presbytero</span> <span class='ocrx_word' id='word_1_196' title='bbox 941 2860 1042 2928; x_wconf 91' lang='lat' dir='ltr'>aliquos</span> <span class='ocrx_word' id='word_1_197' title='bbox 1054 2863 1227 2927; x_wconf 87' lang='lat' dir='ltr'>baptizaverit,</span> 
     </span>
     <span class='ocr_line' id='line_1_26' title="bbox 156 2939 1228 3012; baseline 0.003 -16"><span class='ocrx_word' id='word_1_198' title='bbox 156 2939 291 3011; x_wconf 91' lang='lat' dir='ltr'>episcopus</span> <span class='ocrx_word' id='word_1_199' title='bbox 318 2961 361 2996; x_wconf 92' lang='lat' dir='ltr'>eos</span> <span class='ocrx_word' id='word_1_200' title='bbox 388 2960 433 3009; x_wconf 88' lang='lat' dir='ltr'>per</span> <span class='ocrx_word' id='word_1_201' title='bbox 458 2943 662 2994; x_wconf 85' lang='lat' dir='ltr'>benedictionem</span> <span class='ocrx_word' id='word_1_202' title='bbox 685 2945 805 3007; x_wconf 87' lang='lat' dir='ltr'>perlicere</span> <span class='ocrx_word' id='word_1_203' title='bbox 832 2946 945 3008; x_wconf 88' lang='lat' dir='ltr'>debebit;</span> <span class='ocrx_word' id='word_1_204' title='bbox 973 2949 1043 3012; x_wconf 90' lang='lat' dir='ltr'>quod</span> <span class='ocrx_word' id='word_1_205' title='bbox 1071 2949 1093 2996; x_wconf 91' lang='lat' dir='ltr'>si</span> <span class='ocrx_word' id='word_1_206' title='bbox 1115 2953 1172 2997; x_wconf 87' lang='lat' dir='ltr'>ante</span> <span class='ocrx_word' id='word_1_207' title='bbox 1196 2949 1228 2999; x_wconf 88' lang='lat' dir='ltr'>de</span> 
     </span>
     <span class='ocr_line' id='line_1_27' title="bbox 156 3020 1225 3098; baseline 0.002 -18"><span class='ocrx_word' id='word_1_208' title='bbox 156 3031 242 3081; x_wconf 83' lang='lat' dir='ltr'>seculo</span> <span class='ocrx_word' id='word_1_209' title='bbox 268 3035 441 3090; x_wconf 59' lang='lat' dir='ltr'>recesserunt.</span> <span class='ocrx_word' id='word_1_210' title='bbox 467 3020 514 3080; x_wconf 75' lang='lat' dir='ltr'>sub</span> <span class='ocrx_word' id='word_1_211' title='bbox 537 3029 593 3095; x_wconf 78' lang='lat' dir='ltr'>fide</span> <span class='ocrx_word' id='word_1_212' title='bbox 618 3043 669 3095; x_wconf 79' lang='lat' dir='ltr'>quc</span> <span class='ocrx_word' id='word_1_213' title='bbox 696 3033 755 3095; x_wconf 77' lang='lat' dir='ltr'>quis</span> <span class='ocrx_word' id='word_1_214' title='bbox 783 3031 896 3083; x_wconf 80' lang='lat' dir='ltr'>credidit</span> <span class='ocrx_word' id='word_1_215' title='bbox 920 3034 1019 3098; x_wconf 78' lang='lat' dir='ltr'>poterit</span> <span class='ocrx_word' id='word_1_216' title='bbox 1040 3046 1095 3082; x_wconf 81' lang='lat' dir='ltr'>esse</span> <span class='ocrx_word' id='word_1_217' title='bbox 1118 3034 1225 3082; x_wconf 51' lang='lat' dir='ltr'>tactust</span> 
     </span>
     <span class='ocr_line' id='line_1_28' title="bbox 157 3113 1227 3181; baseline 0.002 -16"><span class='ocrx_word' id='word_1_218' title='bbox 157 3114 206 3166; x_wconf 85' lang='lat' dir='ltr'>Clr.</span> <span class='ocrx_word' id='word_1_219' title='bbox 234 3117 310 3167; x_wconf 87' lang='lat' dir='ltr'>etiam</span> <span class='ocrx_word' id='word_1_220' title='bbox 338 3133 375 3167; x_wconf 92' lang='lat' dir='ltr'>nr.</span> <span class='ocrx_word' id='word_1_221' title='bbox 395 3117 436 3168; x_wconf 82' lang='lat'>38.</span> <span class='ocrx_word' id='word_1_222' title='bbox 477 3113 579 3174; x_wconf 78' lang='lat' dir='ltr'>Helela,</span> <span class='ocrx_word' id='word_1_223' title='bbox 603 3113 679 3164; x_wconf 84' lang='lat' dir='ltr'>Cone.</span> <span class='ocrx_word' id='word_1_224' title='bbox 697 3114 796 3175; x_wconf 67' lang='lat' dir='ltr'>Gesch„</span> <span class='ocrx_word' id='word_1_225' title='bbox 818 3115 865 3172; x_wconf 86' lang='lat' dir='ltr'>Bd.</span> <span class='ocrx_word' id='word_1_226' title='bbox 886 3119 914 3175; x_wconf 89' lang='lat'>1,</span> <span class='ocrx_word' id='word_1_227' title='bbox 937 3131 961 3180; x_wconf 86' lang='lat' dir='ltr'>p.</span> <span class='ocrx_word' id='word_1_228' title='bbox 983 3119 1029 3169; x_wconf 81' lang='lat'>189</span> <span class='ocrx_word' id='word_1_229' title='bbox 1040 3132 1077 3181; x_wconf 87' lang='lat' dir='ltr'>sq.</span> <span class='ocrx_word' id='word_1_230' title='bbox 1103 3145 1136 3153; x_wconf 89' lang='lat'>-</span> <span class='ocrx_word' id='word_1_231' title='bbox 1163 3117 1227 3168; x_wconf 83' lang='lat' dir='ltr'>²De</span> 
     </span>
     <span class='ocr_line' id='line_1_29' title="bbox 157 3199 1227 3269; baseline 0.004 -20"><span class='ocrx_word' id='word_1_232' title='bbox 157 3202 238 3250; x_wconf 84' lang='lat' dir='ltr'>variis</span> <span class='ocrx_word' id='word_1_233' title='bbox 252 3203 279 3251; x_wconf 91' lang='lat' dir='ltr'>in</span> <span class='ocrx_word' id='word_1_234' title='bbox 297 3201 500 3252; x_wconf 89' lang='lat' dir='ltr'>administrando</span> <span class='ocrx_word' id='word_1_235' title='bbox 523 3199 650 3263; x_wconf 86' lang='lat' dir='ltr'>baptismo</span> <span class='ocrx_word' id='word_1_236' title='bbox 673 3201 824 3250; x_wconf 88' lang='lat' dir='ltr'>ceremoniis</span> <span class='ocrx_word' id='word_1_237' title='bbox 847 3200 905 3250; x_wconf 91' lang='lat' dir='ltr'>vide</span> <span class='ocrx_word' id='word_1_238' title='bbox 930 3200 1027 3263; x_wconf 75' lang='lat' dir='ltr'>Krane,</span> <span class='ocrx_word' id='word_1_239' title='bbox 1046 3201 1227 3269; x_wconf 78' lang='lat' dir='ltr'>Real-Encycl.</span> 
     </span>
     <span class='ocr_line' id='line_1_30' title="bbox 157 3283 1227 3352; baseline 0.004 -17"><span class='ocrx_word' id='word_1_240' title='bbox 157 3292 174 3336; x_wconf 87' lang='lat' dir='ltr'>t.</span> <span class='ocrx_word' id='word_1_241' title='bbox 193 3285 220 3349; x_wconf 87' lang='lat' dir='ltr'>ll,</span> <span class='ocrx_word' id='word_1_242' title='bbox 238 3303 263 3351; x_wconf 91' lang='lat' dir='ltr'>p.</span> <span class='ocrx_word' id='word_1_243' title='bbox 283 3289 331 3340; x_wconf 82' lang='lat'>823</span> <span class='ocrx_word' id='word_1_244' title='bbox 361 3303 380 3338; x_wconf 91' lang='lat' dir='ltr'>s.</span> <span class='ocrx_word' id='word_1_245' title='bbox 404 3304 429 3338; x_wconf 81' lang='grc' dir='ltr'>ν.</span> <span class='ocrx_word' id='word_1_246' title='bbox 454 3285 523 3336; x_wconf 87' lang='lat' dir='ltr'>Taul</span> <span class='ocrx_word' id='word_1_247' title='bbox 538 3321 544 3335; x_wconf 89' lang='lat'>.</span> <span class='ocrx_word' id='word_1_248' title='bbox 586 3283 727 3342; x_wconf 81' lang='lat' dir='ltr'>Binterim,</span> <span class='ocrx_word' id='word_1_249' title='bbox 753 3283 911 3336; x_wconf 87' lang='lat' dir='ltr'>Denkwiird.</span> <span class='ocrx_word' id='word_1_250' title='bbox 938 3285 984 3334; x_wconf 90' lang='lat' dir='ltr'>Bd.</span> <span class='ocrx_word' id='word_1_251' title='bbox 1003 3284 1063 3347; x_wconf 89' lang='lat' dir='ltr'>l‚1,</span> <span class='ocrx_word' id='word_1_252' title='bbox 1086 3302 1110 3350; x_wconf 89' lang='lat' dir='ltr'>p.</span> <span class='ocrx_word' id='word_1_253' title='bbox 1129 3289 1160 3338; x_wconf 84' lang='lat'>52</span> <span class='ocrx_word' id='word_1_254' title='bbox 1171 3302 1227 3352; x_wconf 87' lang='lat' dir='ltr'>sqq.</span> 
     </span>
     <span class='ocr_line' id='line_1_31' title="bbox 159 3369 1225 3437; baseline 0 -14"><span class='ocrx_word' id='word_1_255' title='bbox 159 3370 243 3435; x_wconf 80' lang='lat' dir='ltr'>Krtill,</span> <span class='ocrx_word' id='word_1_256' title='bbox 262 3371 357 3437; x_wconf 84' lang='lat' dir='ltr'>christl.</span> <span class='ocrx_word' id='word_1_257' title='bbox 379 3369 545 3421; x_wconf 77' lang='lat' dir='ltr'>Altertumslr.</span> <span class='ocrx_word' id='word_1_258' title='bbox 564 3370 581 3430; x_wconf 89' lang='lat' dir='ltr'>l,</span> <span class='ocrx_word' id='word_1_259' title='bbox 599 3385 624 3433; x_wconf 94' lang='grc' dir='ltr'>ρ.</span> <span class='ocrx_word' id='word_1_260' title='bbox 645 3370 692 3421; x_wconf 84' lang='lat'>122</span> <span class='ocrx_word' id='word_1_261' title='bbox 703 3383 758 3434; x_wconf 90' lang='lat' dir='ltr'>sqq.</span> <span class='ocrx_word' id='word_1_262' title='bbox 793 3369 829 3419; x_wconf 88' lang='lat' dir='ltr'>De</span> <span class='ocrx_word' id='word_1_263' title='bbox 848 3371 967 3420; x_wconf 88' lang='lat' dir='ltr'>scrutinio</span> <span class='ocrx_word' id='word_1_264' title='bbox 986 3370 1104 3434; x_wconf 87' lang='lat' dir='ltr'>baptism.</span> <span class='ocrx_word' id='word_1_265' title='bbox 1124 3371 1225 3436; x_wconf 78' lang='lat' dir='ltr'>Meyer,</span> 
     </span>
     <span class='ocr_line' id='line_1_32' title="bbox 157 3454 1226 3520; baseline 0 -15"><span class='ocrx_word' id='word_1_266' title='bbox 157 3456 226 3518; x_wconf 79' lang='lat' dir='ltr'>ton,</span> <span class='ocrx_word' id='word_1_267' title='bbox 256 3456 406 3508; x_wconf 80' lang='lat' dir='ltr'>Geschichte</span> <span class='ocrx_word' id='word_1_268' title='bbox 435 3456 481 3505; x_wconf 90' lang='lat' dir='ltr'>des</span> <span class='ocrx_word' id='word_1_269' title='bbox 510 3454 732 3505; x_wconf 85' lang='lat' dir='ltr'>Katechumenats.</span> <span class='ocrx_word' id='word_1_270' title='bbox 756 3454 881 3518; x_wconf 86' lang='lat' dir='ltr'>Kempten</span> <span class='ocrx_word' id='word_1_271' title='bbox 901 3455 974 3507; x_wconf 82' lang='lat'>1868.</span> <span class='ocrx_word' id='word_1_272' title='bbox 1002 3470 1026 3518; x_wconf 92' lang='lat' dir='ltr'>p.</span> <span class='ocrx_word' id='word_1_273' title='bbox 1047 3456 1094 3505; x_wconf 84' lang='lat'>108</span> <span class='ocrx_word' id='word_1_274' title='bbox 1109 3470 1164 3520; x_wconf 87' lang='lat' dir='ltr'>sqq.</span> <span class='ocrx_word' id='word_1_275' title='bbox 1192 3484 1226 3493; x_wconf 93' lang='lat'>-</span> 
     </span>
     <span class='ocr_line' id='line_1_33' title="bbox 159 3536 1226 3610; baseline 0.001 -20"><span class='ocrx_word' id='word_1_276' title='bbox 159 3544 169 3578; x_wconf 78' lang='lat'>³</span> <span class='ocrx_word' id='word_1_277' title='bbox 188 3541 275 3593; x_wconf 86' lang='lat' dir='ltr'>llatth.</span> <span class='ocrx_word' id='word_1_278' title='bbox 290 3541 401 3600; x_wconf 64' lang='lat' dir='ltr'>xxviii</span> <span class='ocrx_word' id='word_1_279' title='bbox 416 3542 454 3592; x_wconf 88' lang='grc'>19.</span> <span class='ocrx_word' id='word_1_280' title='bbox 473 3567 506 3577; x_wconf 89' lang='grc'>-</span> <span class='ocrx_word' id='word_1_281' title='bbox 525 3545 536 3577; x_wconf 80' lang='lat'><strong>⁴</strong></span> <span class='ocrx_word' id='word_1_282' title='bbox 555 3538 616 3591; x_wconf 85' lang='lat' dir='ltr'>Can.</span> <span class='ocrx_word' id='word_1_283' title='bbox 630 3544 710 3604; x_wconf 88' lang='lat' dir='ltr'>apost.</span> <span class='ocrx_word' id='word_1_284' title='bbox 728 3555 753 3588; x_wconf 89' lang='lat' dir='ltr'>n.</span> <span class='ocrx_word' id='word_1_285' title='bbox 766 3542 807 3592; x_wconf 87' lang='grc'>49.</span> <span class='ocrx_word' id='word_1_286' title='bbox 838 3536 872 3590; x_wconf 84' lang='grc' dir='ltr'>Εἴ</span> <span class='ocrx_word' id='word_1_287' title='bbox 889 3556 930 3594; x_wconf 82' lang='grc' dir='ltr'>τις</span> <span class='ocrx_word' id='word_1_288' title='bbox 950 3537 1093 3595; x_wconf 79' lang='grc' dir='ltr'>ἐπίσκοπος</span> <span class='ocrx_word' id='word_1_289' title='bbox 1111 3537 1128 3608; x_wconf 78' lang='grc' dir='ltr'>ἢ</span> <span class='ocrx_word' id='word_1_290' title='bbox 1146 3556 1226 3610; x_wconf 85' lang='grc' dir='ltr'>πρεσ-</span> 
     </span>
     <span class='ocr_line' id='line_1_34' title="bbox 159 3621 1227 3696; baseline 0.001 -21"><span class='ocrx_word' id='word_1_291' title='bbox 159 3623 270 3696; x_wconf 73' lang='grc' dir='ltr'>βύτερος</span> <span class='ocrx_word' id='word_1_292' title='bbox 293 3625 363 3677; x_wconf 85' lang='grc' dir='ltr'>κατὰ</span> <span class='ocrx_word' id='word_1_293' title='bbox 385 3627 434 3693; x_wconf 82' lang='grc' dir='ltr'>τὴν</span> <span class='ocrx_word' id='word_1_294' title='bbox 459 3626 507 3674; x_wconf 87' lang='grc' dir='ltr'>τοῦ</span> <span class='ocrx_word' id='word_1_295' title='bbox 531 3623 623 3692; x_wconf 76' lang='grc' dir='ltr'>κυρίου</span> <span class='ocrx_word' id='word_1_296' title='bbox 647 3621 764 3682; x_wconf 76' lang='grc' dir='ltr'>διάταξιν</span> <span class='ocrx_word' id='word_1_297' title='bbox 788 3625 824 3691; x_wconf 81' lang='grc' dir='ltr'>μὴ</span> <span class='ocrx_word' id='word_1_298' title='bbox 851 3622 966 3693; x_wconf 81' lang='grc' dir='ltr'>βαπτίσῃ</span> <span class='ocrx_word' id='word_1_299' title='bbox 992 3621 1030 3680; x_wconf 81' lang='grc' dir='ltr'>εἰς</span> <span class='ocrx_word' id='word_1_300' title='bbox 1052 3623 1158 3691; x_wconf 82' lang='grc' dir='ltr'>πατέρα</span> <span class='ocrx_word' id='word_1_301' title='bbox 1182 3624 1227 3676; x_wconf 87' lang='grc' dir='ltr'>καὶ</span> 
     </span>
     <span class='ocr_line' id='line_1_35' title="bbox 159 3705 1225 3779; baseline 0.002 -21"><span class='ocrx_word' id='word_1_302' title='bbox 159 3706 215 3759; x_wconf 78' lang='grc' dir='ltr'>υἱὸν</span> <span class='ocrx_word' id='word_1_303' title='bbox 234 3709 279 3759; x_wconf 90' lang='grc' dir='ltr'>καὶ</span> <span class='ocrx_word' id='word_1_304' title='bbox 297 3706 371 3778; x_wconf 77' lang='grc' dir='ltr'>ἅγιον</span> <span class='ocrx_word' id='word_1_305' title='bbox 390 3713 504 3776; x_wconf 74' lang='grc' dir='ltr'>πνεῦμα,</span> <span class='ocrx_word' id='word_1_306' title='bbox 523 3708 581 3759; x_wconf 83' lang='grc' dir='ltr'>ἀλλ’</span> <span class='ocrx_word' id='word_1_307' title='bbox 602 3707 640 3764; x_wconf 76' lang='grc' dir='ltr'>εἰς</span> <span class='ocrx_word' id='word_1_308' title='bbox 659 3714 733 3779; x_wconf 79' lang='grc' dir='ltr'>τρεῖς</span> <span class='ocrx_word' id='word_1_309' title='bbox 752 3707 886 3779; x_wconf 76' lang='grc' dir='ltr'>ἀνάρχους</span> <span class='ocrx_word' id='word_1_310' title='bbox 904 3706 921 3776; x_wconf 80' lang='grc' dir='ltr'>ἢ</span> <span class='ocrx_word' id='word_1_311' title='bbox 941 3711 1015 3778; x_wconf 86' lang='grc' dir='ltr'>τρεῖς</span> <span class='ocrx_word' id='word_1_312' title='bbox 1034 3705 1108 3763; x_wconf 83' lang='grc' dir='ltr'>υἱοὺς</span> <span class='ocrx_word' id='word_1_313' title='bbox 1121 3706 1138 3778; x_wconf 75' lang='grc' dir='ltr'>ἢ</span> <span class='ocrx_word' id='word_1_314' title='bbox 1152 3712 1225 3776; x_wconf 86' lang='grc' dir='ltr'>τρεῖς</span> 
     </span>
     <span class='ocr_line' id='line_1_36' title="bbox 159 3791 1228 3864; baseline 0.002 -22"><span class='ocrx_word' id='word_1_315' title='bbox 159 3791 361 3862; x_wconf 52' lang='grc' dir='ltr'>παρακλήτους</span> <span class='ocrx_word' id='word_1_316' title='bbox 390 3792 582 3864; x_wconf 76' lang='grc' dir='ltr'>καθαιρείσθω.</span> <span class='ocrx_word' id='word_1_317' title='bbox 627 3793 676 3845; x_wconf 88' lang='lat' dir='ltr'>Clr.</span> <span class='ocrx_word' id='word_1_318' title='bbox 703 3794 784 3860; x_wconf 71' lang='grc' dir='ltr'>ὓπερ,</span> <span class='ocrx_word' id='word_1_319' title='bbox 815 3792 885 3843; x_wconf 89' lang='lat' dir='ltr'>Neue</span> <span class='ocrx_word' id='word_1_320' title='bbox 912 3792 1062 3844; x_wconf 85' lang='lat' dir='ltr'>Untersuch.</span> <span class='ocrx_word' id='word_1_321' title='bbox 1093 3793 1155 3844; x_wconf 88' lang='lat' dir='ltr'>iiber</span> <span class='ocrx_word' id='word_1_322' title='bbox 1186 3793 1228 3844; x_wconf 89' lang='lat' dir='ltr'>die</span> 
     </span>
     <span class='ocr_line' id='line_1_37' title="bbox 159 3877 920 3945; baseline 0.003 -18"><span class='ocrx_word' id='word_1_323' title='bbox 159 3877 263 3928; x_wconf 84' lang='lat' dir='ltr'>Constit.</span> <span class='ocrx_word' id='word_1_324' title='bbox 283 3880 337 3929; x_wconf 90' lang='lat' dir='ltr'>und</span> <span class='ocrx_word' id='word_1_325' title='bbox 355 3878 450 3930; x_wconf 89' lang='lat' dir='ltr'>Canon.</span> <span class='ocrx_word' id='word_1_326' title='bbox 470 3880 515 3930; x_wconf 91' lang='lat' dir='ltr'>der</span> <span class='ocrx_word' id='word_1_327' title='bbox 532 3883 621 3945; x_wconf 88' lang='lat' dir='ltr'>Aposl.</span> <span class='ocrx_word' id='word_1_328' title='bbox 641 3880 708 3930; x_wconf 81' lang='lat' dir='ltr'>Tiib.</span> <span class='ocrx_word' id='word_1_329' title='bbox 727 3879 799 3931; x_wconf 79' lang='lat'>1832.</span> <span class='ocrx_word' id='word_1_330' title='bbox 818 3895 842 3943; x_wconf 88' lang='grc' dir='ltr'>ρ.</span> <span class='ocrx_word' id='word_1_331' title='bbox 862 3881 920 3931; x_wconf 76' lang='grc'>262.</span> 
     </span>
    </p>
   </div>
   <div class='ocr_carea' id='block_1_6' title="bbox 0 0 1388 4552">
    <p class='ocr_par' dir='ltr' id='par_1_7' title="bbox 0 0 1388 4552">
     <span class='ocr_line' id='line_1_38' title="bbox 0 0 1388 4552; baseline 0 0"><span class='ocrx_word' id='word_1_332' title='bbox 0 0 1388 4552; x_wconf 95' lang='lat' dir='ltr'> </span> 
     </span>
    </p>
   </div>
  </div>
 </body>
</html>
