2768 4552
632 338 865 399 -100—

213 509 385 571 tiochensis
407 513 438 570 in
459 505 545 584 Asia,
568 511 774 570 alexandrina
795 511 824 568 in
841 509 954 569 Africa.
992 511 1025 568 ln
1048 512 1177 572 concilio
1200 513 1286 573 enim

213 614 344 673 nicaeno
356 614 465 674 harum
477 615 567 673 trium
582 614 774 688 privilegium
784 612 985 671 ecclesiarum
998 615 1129 673 caeteris
1139 616 1285 677 omnibus

213 716 445 778 anteferendum
467 717 664 776 ostenditur.¹
701 714 773 774 Sed·
788 719 908 790 potesta
930 716 1021 774 trium
1045 717 1184 777 locorum
1209 719 1286 778 emi-

213 817 320 877 nentia
333 817 370 877 ad
384 834 477 878 unam
490 819 670 893 dignitatem
686 815 802 886 referri,
819 816 891 890 quia
906 816 937 874 in
951 815 1074 877 duobus
1086 816 1199 880 horum
1216 820 1286 894 ipse

213 919 323 979 Petrus
347 920 436 996 sedit,
464 922 587 979 tertium
612 919 821 987 nihilominus
850 919 881 977 id
905 924 953 977 est
975 920 1197 981 Alexandriam
1227 938 1286 998 per

170 1040 172 1045 ⁴
213 1023 352 1081 Marcum
374 1021 468 1080 lilium
486 1039 577 1081 suum
601 1029 632 1080 et
654 1013 858 1096 evangelium,
882 1019 967 1095 quod
992 1036 1030 1078 ex
1048 1036 1101 1081 ore
1124 1022 1192 1083 eius
1214 1023 1284 1099 ipse

213 1123 337 1182 Marcus
362 1123 580 1199 descripserat,
611 1139 698 1182 snam
729 1121 875 1182 effecerat
901 1121 1018 1182 sedem.
1064 1123 1207 1184 Similiter
1238 1125 1284 1184 in-

158 1214 183 1297 ]
212 1228 423 1301 tellegendum
458 1228 496 1285 de
530 1227 753 1303 principatibus
788 1226 921 1295 saeculi,
955 1225 1039 1299 quod
1073 1226 1218 1300 quamvis
1252 1228 1285 1286 in

214 1328 348 1388 diversis
378 1328 462 1388 orbis
491 1329 631 1405 partibus
661 1345 715 1404 per
742 1334 883 1402 tempora
913 1343 970 1386 sua
998 1329 1148 1402 fulserint,
1179 1336 1283 1389 tamen

214 1431 253 1490 ad
277 1431 326 1490 ius
342 1446 502 1490 romanum
526 1430 616 1504 quasi
637 1446 734 1490 unum
752 1430 872 1505 apicem
895 1435 1054 1504 postremo
1070 1447 1180 1491 omnes
1202 1447 1283 1507 pene

164 1612 167 1620 Ι
212 1534 302 1592 relati
332 1540 415 1591 sunt.
465 1531 669 1608 Gornparetur
698 1547 772 1606 ergo
800 1547 883 1607 papa
913 1548 1059 1592 romanus
1089 1533 1229 1608 augustis
1253 1541 1284 1594 et

213 1634 404 1705 caesaribus
429 1633 625 1709 patriarchae
648 1650 725 1692 vero
754 1633 899 1712 patriciis,
930 1634 980 1708 qui
1003 1634 1092 1707 primi
1118 1642 1189 1710 post
1213 1650 1280 1695 cae·

212 1751 301 1795 sares
333 1737 362 1795 in
394 1736 532 1810 imperiis
564 1736 660 1794 luisse
692 1735 851 1807 videntur,
885 1735 927 1796 ita
957 1743 988 1794 et
1020 1736 1084 1810 isti,
1117 1738 1170 1813 qui
1206 1738 1281 1798 satis

211 1839 303 1912 pauci
320 1845 402 1911 sunt,
425 1838 516 1914 primi
538 1845 610 1912 post
630 1839 719 1898 trium
736 1838 859 1898 sedium
875 1841 1040 1915 praesules
1063 1836 1225 1897 habentur.
1239 1875 1282 1884 -

211 1940 329 2002 Deinde
351 1939 609 2017 archiepiscopos,
634 1941 685 2016 qul
708 1942 786 2016 ipsis
809 1943 1056 2018 metropolitanis
1078 1940 1281 2017 praeminent,

210 2046 337 2120 regibus
368 2046 578 2118 conseramus3
613 2044 867 2119 metropolitanos
900 2050 1002 2103 autem
1037 2042 1168 2103 ducibus
1200 2059 1283 2103 com·

210 2163 372 2222 paremus,
403 2149 476 2222 quia
503 2148 583 2205 sicut
606 2146 703 2205 duces
732 2146 925 2220 singularum
949 2152 1020 2206 sunt
1041 2147 1282 2220 provinciarum,

211 2250 253 2309 ita
277 2249 370 2309 atilli
394 2251 423 2308 in
448 2249 577 2321 singulis
603 2246 771 2323 provinciis
795 2243 928 2321 singulib
950 2255 1119 2322 ponuntur;
1142 2247 1226 2308 unde
1250 2249 1280 2307 in

211 2349 452 2410 chalcedonensi
476 2350 603 2410 concilio
634 2350 772 2410 iubetur:
803 2367 841 2409 ne
864 2366 928 2411 una
954 2350 1117 2426 provincia
1146 2351 1175 2409 in
1201 2350 1281 2411 duos

210 2453 465 2526 metropolitanos
489 2451 728 2512 dividatur.²—
747 2453 830 2526 Quod
855 2454 984 2511 comites
1007 2453 1056 2512 vel
1080 2453 1227 2526 praefecti
1250 2453 1281 2511 in

210 2555 354 2630 saeculo,
383 2553 442 2642 hoc
465 2556 605 2630 episcopi
629 2555 743 2615 caeteri
766 2556 796 2613 in
827 2555 961 2615 ecclesia
990 2557 1125 2630 explent.
1170 2555 1282 2615 Fertur

210 2657 302 2729 enim,
326 2658 355 2715 in
373 2656 506 2717 Orientis
522 2659 662 2733 partibus
677 2660 888 2734 persingulas
905 2659 999 2718 nrbes
1016 2665 1047 2716 et
1070 2658 1282 2732 praefecturas

210 2758 353 2832 singulas
376 2774 447 2818 esse
470 2761 687 2836 episcoporum
711 2760 963 2836 gubernationes
986 2791 1029 2802 -
1053 2759 1139 2818 Siout
1165 2757 1281 2819 tribuni

210 2860 358 2922 militibus
382 2868 555 2935 praeerant,
583 2863 626 2923 ita
649 2864 779 2924 abbates
805 2862 974 2936 monachis,
1005 2860 1131 2922 athletis
1155 2860 1280 2936 spirita-

208 2965 300 3038 libus,
318 2980 465 3040 praeesse
482 2972 662 3026 noscuntur.
679 3000 722 3008 —
739 2966 1004 3039 Quemadmodum
1020 2963 1136 3024 suntin
1153 2964 1280 3039 palatiis

209 3074 448 3141 praeceptoresc
469 3068 520 3125 vel
543 3068 673 3127 comites
697 3067 819 3143 palatii,
851 3068 904 3142 qui
933 3065 1139 3126 saecularium
1163 3080 1280 3127 causas

208 3170 367 3240 ventilant,
389 3168 431 3228 ita
454 3174 527 3228 sunt
551 3176 581 3228 et
603 3171 655 3242 illi,
683 3185 762 3246 quos
787 3185 926 3254 summos
949 3170 1145 3243 cappellanos
1168 3168 1281 3229 Franci

209 3272 376 3350 appellant,
408 3271 720 3332 clericorumcausis
748 3273 887 3349 praelati.
934 3270 1113 3348 Cappellani
1142 3269 1280 3330 minores

208 3373 252 3434 ita
274 3380 346 3435 sunt
368 3374 450 3434 sicut
471 3373 512 3452 hi,
536 3392 616 3451 quos
638 3392 750 3436 vassos
774 3375 947 3436 dominicos
975 3375 1087 3449 gallica
1111 3379 1280 3433 consuetu·

208 3474 279 3535 dine
302 3476 506 3538 nominamus.
552 3478 631 3537 Dicti
662 3485 735 3538 sunt
763 3485 865 3537 autem
894 3477 1036 3553 primitus
1066 3475 1282 3552 cappellania

215 3677 220 3688 ⁸
277 3658 326 3723 ὀ,
344 3665 409 3724 post.
429 3689 458 3698 -
479 3648 491 3687 ¹³
510 3677 545 3724 m,
563 3662 681 3726 singulis.
699 3690 733 3698 -
751 3660 761 3687 ⁰
779 3661 826 3725 M1‚
844 3667 981 3726 praetores.

279 3817 289 3850 1
307 3812 367 3864 Can.
379 3812 415 3862 VI
432 3813 534 3864 concilii
553 3815 653 3864 nicaeni
672 3815 716 3866 cir.
731 3814 819 3866 Helela
831 3814 907 3866 Cone.
922 3813 1013 3867 Gesch.
1031 3815 1077 3868 Bd.
1090 3816 1109 3877 I,
1126 3831 1150 3881 p.
1163 3816 1213 3868 389
1223 3830 1280 3882 sqq.

206 3925 241 3935 —
261 3900 272 3935 2
289 3897 350 3949 Can.
367 3897 410 3948 Xll
429 3898 578 3950 chalcedon.
597 3900 688 3952 concil.
707 3899 796 3953 Decret
815 3899 881 3952 Grat.
899 3915 920 3952 c.
941 3903 962 3953 1.
982 3901 1043 3958 Dist.
1064 3904 1121 3955 101.
1146 3966 1156 3987 ·
