2768 4552
550 297 760 356 ..23-

120 470 320 531 similitudine
344 468 551 541 nutabundus,
582 467 658 526 inter
688 472 829 525 caeteras
859 464 1027 524 vanitatum
1059 478 1186 524 suarum

118 572 251 647 ineptias
267 570 395 646 cupiens
416 585 577 642 renovare,
601 573 767 644 antequam
784 569 977 627 diversorum
994 572 1100 626 eontra
1115 581 1185 627 eum
1232 571 1234 574 ·

119 675 319 734 scribentium
343 673 454 732 iaculis
478 656 716 746 perfoderetnr1,
740 686 797 729 suo
821 669 935 728 iudicio
953 669 1118 732 damnatus
1141 672 1188 730 in-

117 778 214 849 teriit3
239 784 270 835 et
286 778 429 848 fortasse,
452 774 503 850 qui
519 773 713 848 imperatoris
730 771 866 831 fidelium
881 770 976 832 veluti
995 770 1025 828 in
1043 769 1187 833 nummoa

118 875 323 953 contempsitl
356 877 537 953 imaginem,
571 881 643 935 ante
674 876 807 937 tribunal
843 873 941 949 ipsius
972 876 1187 948 protervitatis

118 995 196 1039 suae
224 976 340 1054 pariter
366 986 396 1038 et
425 979 645 1054 inquietudinis
674 993 792 1055 poenas
821 977 945 1036 exolvit.
991 979 1058 1037 Non
1090 981 1187 1038 enimc

118 1083 217 1141 levem
246 1081 389 1141 iniuriam
420 1083 535 1142 saeculi
567 1087 710 1156 potentes
740 1080 798 1140 sibi
826 1081 976 1155 putabant
1005 1082 1131 1154 illatam,
1159 1083 1186 1142 si

116 1183 282 1260 imaginem
307 1199 395 1243 suam
418 1185 469 1242 vel
491 1199 602 1243 nomen
620 1176 655 1241 'in
681 1182 820 1261 quolibet
842 1180 1049 1243 nomismated
1071 1200 1090 1243 a
1113 1183 1186 1244 sub·

117 1288 205 1346 iectis
239 1287 357 1363 despici
389 1287 591 1362 cognoverint
625 1293 656 1347 et
688 1288 810 1347 calcari.
864 1286 931 1345 Non
965 1291 1077 1358 autem,
1113 1287 1186 1363 quia
1264 1328 1269 1336 -

117 1391 252 1466 populus
279 1389 396 1450 Israhel
425 1389 453 1447 in
483 1388 608 1448 deserto
638 1391 688 1448 vel
718 1389 907 1450 Hieroboam
935 1405 991 1448 rex
1020 1390 1184 1450 vitulorum

117 1491 319 1552 fabricatione
345 1493 440 1552 Derim
465 1489 686 1563 offenderant
715 1507 847 1567 serpens
877 1508 1004 1561 aeneus,
1031 1506 1122 1566 quem
1146 1507 1186 1550 ex

115 1593 207 1654 iussu
225 1594 343 1654 Domini
360 1596 486 1670 Moyses
510 1593 589 1666 lecit,
613 1594 861 1654 contemnendus
884 1600 960 1668 erat,
984 1594 1185 1670 quippenam

115 1698 256 1769 percussi
280 1713 298 1755 a
320 1697 423 1756 verise
445 1696 643 1771 serpentibus
671 1697 843 1772 imaginarii
870 1697 1022 1771 serpentis
1049 1704 1185 1757 contem·

115 1798 255 1872 piatione
278 1800 494 1872 sanarentur³‚
523 1815 624 1874 quern,
648 1800 720 1874 quia
751 1800 883 1874 populus
907 1815 1031 1876 semper
1052 1800 1093 1858 ad
1118 1799 1185 1858 ido-

116 1895 250 1958 latriamf
265 1903 410 1974 proclivis
423 1901 622 1977 postmodum
637 1901 771 1976 quadam
785 1902 1006 1978 superstitiosa
1018 1906 1185 1960 veneratus

115 2007 165 2060 est
192 2003 351 2090 religione,
381 2002 542 2077 Ezechias,
571 2020 627 2062 rex
649 2005 751 2062 ludat
777 2004 1041 2076 religiosissimus,
1073 2004 1185 2076 legitur

114 2105 274 2178 fregisses
316 2104 398 2178 Ergo
428 2121 497 2164 cnm
527 2105 714 2164 christianus
743 2109 879 2181 populus
902 2112 989 2165 tanta
1017 2106 1057 2164 sit
1086 2105 1114 2162 in
1139 2104 1184 2162 di-

113 2205 196 2267 vinis
226 2207 322 2266 rebus
346 2207 502 2267 docilitate
531 2208 561 2266 in
590 2206 738 2267 interiora
767 2209 938 2283 sapientiae
962 2207 1110 2283 spiritalis
1137 2208 1184 2265 in-

114 2307 226 2368 ductus
249 2309 402 2382 cellariai,
426 2316 466 2383 ut,
497 2326 555 2369 non
580 2310 679 2368 dicam
708 2307 866 2385 picturash
888 2317 919 2368 et
942 2310 1103 2384 imagines
1127 2309 1184 2370 sed

115 2425 154 2469 ne
177 2410 262 2486 ipsos
287 2412 410 2487 quidem
435 2418 560 2472 sanctos
588 2411 740 2486 homines,
768 2414 857 2472 vivos
885 2415 934 2472 vel
958 2418 1107 2485 mortuos
1138 2411 1184 2470 di-

114 2512 193 2571 vinis
218 2512 325 2573 credat
347 2513 494 2573 colendos
524 2513 694 2574 honoribus
718 2517 769 2574 vel
793 2515 978 2575 adorandos.
1024 2516 1183 2590 Rogamus

113 2615 196 2674 enim
226 2622 363 2688 sanctos
396 2633 456 2675 non
488 2624 523 2678 ut
554 2618 612 2693 ipsi
644 2623 804 2692 praestent
831 2633 887 2692 per
911 2634 954 2691 se,
987 2634 1066 2695 quae
1091 2617 1183 2678 saluti

112 2723 240 2776 nostrae
269 2720 448 2780 necessaria
479 2727 560 2793 sunt,
593 2721 649 2778 sed
680 2725 712 2778 ut
745 2720 784 2778 ab
817 2727 943 2780 auctore
973 2721 1132 2792 bonorum,
1166 2735 1184 2778 a

113 2835 176 2894 quo
201 2826 249 2878 est
271 2837 376 2892 „omne
392 2822 498 2880 datum
516 2825 660 2896 optimum
676 2832 808 2884 alomna
824 2824 934 2884 donum
951 2825 1180 2900 perfectum“⁶,
1236 2907 1243 2921 ·

181 2968 194 2995 ⁸
212 2969 279 3033 mlh,
303 2987 418 3022 numero.
437 2959 502 3011 —b
528 2972 577 3035 ml,
603 2976 812 3039 conscripsit-
831 2972 910 3037 οΜῙ,
935 2974 1036 3024 etenim.
1056 2957 1120 3010 -d
1144 2989 1182 3035 oe,

112 3055 275 3106 numismate.
293 3086 327 3094 —
345 3071 356 3097 e
375 3056 421 3120 Μί,
440 3058 544 3129 severis.
563 3088 594 3095 -
613 3043 686 3122 sM1,
708 3061 734 3109 in
758 3058 847 3110 idolol.
866 3087 900 3096 -
919 3057 934 3098 g
951 3057 997 3120 Ml,
1019 3059 1181 3122 confregisse.

110 3165 145 3204 -τ
163 3125 176 3164 h
195 3156 233 3202 oe,
251 3143 385 3205 picturam.

111 3274 212 3340 laqueis
228 3278 335 3328 irretitos
354 3294 417 3329 esse.
447 3279 580 3329 Refutatus
598 3284 662 3330 esta
678 3279 796 3345 pluribus
809 3282 871 3331 viris
889 3281 1066 3333 ecclesiasticis
1084 3283 1111 3332 in
1123 3285 1183 3330 nota

113 3361 229 3425 sequenti
247 3363 394 3415 nominatis.

183 3443 202 3515 ¹)
220 3446 325 3498 Errores
344 3446 444 3500 Claudii
465 3449 606 3500 refutabant
625 3449 798 3514 Theutmirus,
823 3453 902 3504 abbas
920 3450 1082 3503 Psalmodiae
1102 3451 1181 3515 (Dico.

110 3529 224 3597 Nismes)
235 3538 259 3582 et
269 3533 355 3598 Jonas,
373 3536 509 3600 episcopus
522 3535 707 3586 aurelianensis
720 3535 883 3604 (stt-843),
903 3538 930 3587 in
941 3543 1052 3593 ,tractatu
1065 3553 1123 3588 suo:
1146 3537 1182 3589 De

111 3614 180 3667 cultu
198 3618 344 3682 imaginum
362 3618 406 3671 lib.
427 3618 456 3669 lll
473 3618 599 3687 (biblioth.
618 3621 666 3672 ΡΡ.
685 3636 752 3671 max.
771 3628 787 3672 t.
806 3620 888 3689 xlv);
908 3621 995 3686 Migne
1013 3639 1033 3673 s.
1053 3624 1070 3674 l.
1089 3628 1105 3675 t.
1124 3625 1180 3677 106.

111 3728 143 3736 -
164 3703 175 3738 ²
190 3701 271 3754 Exod.
285 3702 383 3766 XXXII,
401 3707 482 3769 lsqq.
501 3702 532 3755 lll
545 3706 607 3770 Reg.
620 3705 671 3770 Xll,
690 3707 722 3759 28
733 3721 787 3771 sqq.
807 3735 838 3743 —
857 3710 868 3744 ³
881 3704 956 3757 Num.
969 3706 1034 3771 XXI,
1054 3710 1135 3775 tsqq.
1149 3740 1182 3748 -

112 3784 177 3834 ⁴lV
194 3786 258 3852 Reg.
284 3785 375 3848 xvlll,
394 3790 417 3838 4.
445 3816 477 3824 —
506 3792 516 3826 ⁶
539 3785 718 3855 Supplendnm
746 3791 847 3842 videtur
873 3792 900 3841 fit
927 3793 980 3844 sive
1008 3796 1129 3859 sequitur.
1148 3821 1182 3833 -—

112 3870 218 3923 ⁶Jacob
235 3871 252 3933 I,
272 3874 311 3923 17.
1065 3896 1067 3904 ’
