2768 4552
600 317 811 376 ..22-

177 490 257 549 aliae
281 496 448 562 creaturae,
476 505 495 549 a
519 489 706 563 quibusdam
731 488 905 548 errantibus
929 489 1040 547 divinis
1071 487 1246 549 honoribus

176 591 310 651 adorata
340 591 402 650 sint
434 598 465 650 et
495 592 590 649 culta:
624 590 676 664 qui
710 605 797 648 error
829 608 888 651 non
922 594 1061 654 auctoria
1091 592 1245 651 bonorum

177 692 379 753 ascribendus
405 697 461 762 est,
494 691 550 749 sed
582 692 769 752 daemonum
800 697 997 768 persuasioni
1028 700 1059 754 et
1086 692 1245 752 hominum

176 795 343 856 consensui
374 794 487 869 iniquo,
519 792 573 868 qui
604 793 695 853 bouis
725 793 813 853 abuti
844 798 872 854 in
900 795 1036 856 malumb
1063 796 1244 855 didicerunt.

176 898 350 958 Notandum
373 911 459 967 vero,
484 895 568 970 quod
592 896 672 954 sicut
694 895 819 972 quidam
837 898 965 959 easdem
988 899 1139 973 imagines
1164 899 1246 956 ultra

176 1015 268 1074 quam
298 1000 373 1058 satis
404 1005 451 1057 est
473 1003 671 1068 venerantur,
700 997 742 1056 ita
765 999 825 1072 alii,
852 1001 926 1059 dum
948 1002 1060 1060 volunt
1087 1000 1244 1059 cautiores

176 1101 305 1161 caeteris
328 1102 356 1159 in
381 1101 530 1174 religione
553 1099 660 1171 videri,
685 1100 753 1159 illas
768 1106 803 1161 ut
818 1101 969 1175 quasdam
994 1099 1155 1162 idolatriae
1172 1115 1245 1175 spe-

177 1204 242 1264 cies
272 1204 441 1278 respuunt¹
470 1209 501 1261 et
529 1204 793 1278 praesumptionis
824 1204 904 1262 fastu
933 1203 1116 1279 simplicium
1148 1203 1246 1264 corda

91 1329 93 1335 ,
175 1306 393 1364 scandalizant
424 1305 525 1364 Huius
547 1306 592 1364 rei
608 1307 751 1380 quaestio
774 1304 856 1382 apud
875 1306 1012 1366 Graecos
1029 1322 1124 1381 saepe
1142 1311 1245 1364 tantas

149 1409 390 1467 .contentiones
420 1407 573 1479 excitavit,
603 1414 637 1466 ut
666 1407 724 1466 sub
748 1408 896 1481 Gregorio
920 1424 1002 1482 papa
1025 1408 1142 1467 iuniore
1166 1406 1245 1466 Gon-

175 1510 330 1568 stantinus
347 1509 532 1583 imperator²
547 1511 631 1585 apud
648 1509 948 1585 Constantinopolim
965 1526 1072 1569 omnes
1092 1509 1244 1584 imagines

174 1611 365 1686 deposuerit;
382 1617 413 1669 et
428 1612 486 1671 sub
500 1611 647 1685 Gregorio
663 1613 753 1671 tertio
769 1611 887 1671 Romae
903 1612 1067 1687 syndodus
1085 1613 1124 1671 sit
1140 1613 1245 1670 lacta3

175 1719 282 1772 contra
298 1713 518 1790 supradictam,
540 1720 574 1772 ut
590 1713 743 1786 dixerunt,
766 1713 930 1786 haeresim,
953 1714 1063 1791 inqua
1084 1714 1243 1772 firmatum

174 1820 231 1885 est,
259 1819 292 1872 ut
321 1824 499 1875 sanctorum
529 1815 679 1889 imagines
708 1817 879 1875 secundum
911 1818 1046 1892 priscum
1072 1815 1244 1875 catholicae

174 1916 325 1977 ecclesiae
343 1926 451 1977 usumc
473 1918 718 1975 restituerentur.
757 1917 829 1989 Ipsa
852 1917 983 1994 denique
1008 1921 1134 1995 querela
1150 1918 1244 1976 Grae-

174 2033 280 2078 corum
314 2019 511 2094 temporibus,
538 2019 639 2079 bonae
672 2018 840 2078 memoriae
872 2020 1020 2080 Ludovici
1048 2021 1243 2094 imperatoris

147 2162 149 2167 ¹
173 2121 203 2179 in
219 2117 402 2180 Franciamd
423 2123 551 2198 perlata,
572 2121 712 2180 eiusdem
735 2121 882 2196 principis
906 2122 1105 2198 providentia
1120 2122 1244 2197 scriptis

175 2223 380 2299 synodalibus
404 2229 452 2283 est
475 2225 661 2283 confutata.4
704 2221 800 2295 Quam
826 2224 918 2283 etiam
935 2224 1083 2284 Glaudius
1108 2225 1243 2299 quidam,

173 2325 361 2384 taurInensis
386 2327 585 2403 episcopusi,
609 2325 665 2384 sed
688 2324 718 2382 in
740 2325 881 2385 veritatis
904 2328 1012 2386 itinere
1036 2327 1170 2385 nominis
1194 2327 1243 2384 sui

242 2522 317 2585 all¹‚
337 2527 422 2575 actori.
446 2554 479 2562 -
505 2512 574 2589 boe,
592 2527 619 2576 iu
638 2525 737 2577 malum
756 2527 833 2578 abuti.
856 2556 890 2565 —-
914 2526 981 2590 coe,
1000 2528 1085 2578 ritum.
1109 2555 1140 2563 -
1166 2512 1244 2589 dliii,

172 2608 318 2659 infantiam!

243 2783 252 2817 ¹
270 2777 318 2829 Cir.
339 2779 495 2839 „absurdum
513 2779 621 2830 illudet
639 2782 748 2845 impium
766 2784 881 2832 evomuit
898 2780 959 2850 (Leo
978 2782 1075 2844 lsaur.),
1097 2781 1242 2844 imaginum

172 2865 282 2928 picturas
299 2864 407 2913 sormam
423 2862 563 2926 quamdam
582 2863 709 2915 idolorum
723 2867 854 2918 retinere.“
881 2867 974 2918 Baron.
987 2866 1019 2916 ad
1032 2880 1091 2923 ann.
1105 2866 1162 2916 726.
1181 2880 1205 2916 n.
1220 2869 1243 2918 4.

92 2946 106 2969 ⁴
174 2979 205 2987 -
220 2953 230 2986 2
247 2948 298 2999 Leo
311 2948 341 2997 ΙΙΙ
359 2947 436 2998 lsaur.
450 2947 475 3016 (7
480 2950 605 3008 17-741)
622 2965 689 3000 anno
709 2952 757 3002 726
776 2952 921 3014 imaginum
940 2949 1038 2999 cultum
1058 2949 1182 3013 abrogare
1204 2951 1244 2999 in-

172 3036 248 3099 cepit3
273 3032 453 3085 Constantinus
471 3032 505 3086 V.
523 3037 616 3097 autem,
639 3037 794 3100 cognomine
812 3034 1000 3102 Copronymus,
1019 3035 1074 3084 eius
1092 3034 1169 3097 lilius,
1194 3036 1244 3084 im-

172 3124 272 3183 perator
293 3118 448 3186 (tal-775)
470 3118 665 3170 destructionem
693 3123 838 3186 imaginum
860 3123 1008 3184 persecutus
1030 3124 1075 3170 est.
1102 3149 1133 3157 —
1162 3119 1244 3170 ³lam

171 3204 227 3268 ipso
246 3204 317 3254 initio
330 3201 495 3253 iconoclasmi
512 3203 560 3254 sub
572 3203 726 3269 Gregorioll
744 3206 873 3256 annotat
892 3204 989 3263 Romae
1003 3203 1134 3270 synodum
1153 3204 1244 3253 iactam

171 3303 235 3351 esse,
257 3293 368 3349 constat3
391 3288 478 3351 plures
501 3294 584 3340 autem
606 3289 798 3341 celebrabantur
821 3289 869 3340 sub
888 3288 1010 3351 Gregorio
1031 3288 1068 3350 ΙΙΙ,
1087 3289 1130 3339 eir.
1149 3287 1245 3352 Helele,

173 3370 452 3436 Conciliengesohiohte
478 3375 524 3426 Bd.
544 3375 575 3424 ΙΙΙ
601 3374 642 3426 ed.
661 3378 684 3426 2.
712 3390 736 3439 p.
754 3376 815 3435 aba
844 3375 888 3439 qui
914 3371 943 3440 (l.
968 3387 988 3423 c.
1015 3387 1040 3437 p.
1060 3373 1109 3422 366
1120 3370 1186 3438 sqq.)
1213 3372 1245 3423 de

172 3458 270 3522 origine
288 3458 454 3509 iconoclasmi
471 3461 586 3524 praecise
601 3465 625 3510 et
642 3459 727 3510 lucide
739 3459 866 3509 disseruit.
881 3485 918 3495 -—
940 3461 951 3493 ⁴
969 3457 1036 3507 Haec
1053 3458 1146 3521 scripta
1164 3472 1244 3524 syno-

171 3542 241 3592 dalia
258 3543 359 3593 redacta
375 3545 402 3594 in
421 3551 548 3597 conventu
565 3545 703 3596 Parisiensi
721 3559 788 3594 anno
806 3545 855 3596 825
875 3543 965 3607 legatis
983 3541 1115 3592 Michaelis
1134 3541 1246 3605 Balbuli‚

169 3629 330 3692 imperatoris
348 3628 489 3696 byzantini,
506 3630 600 3680 auditis
618 3629 678 3679 vide
695 3628 813 3678 Mansit.
830 3627 896 3690 XIV,
915 3643 940 3692 p.
960 3630 1017 3688 421,
1035 3628 1094 3688 461,
1113 3627 1170 3689 463,
1186 3628 1245 3678 466.
1327 3624 1332 3635 ’

171 3741 205 3750 -
235 3718 246 3751 ⁵
272 3712 395 3765 Claudius
425 3717 563 3780 episcopus
593 3714 749 3763 laurinensis
779 3711 945 3780 (815-825),
979 3711 1122 3775 discipulus
1152 3710 1245 3763 Felicis

121 3862 125 3875 Ι
173 3795 324 3861 Urgellitani
337 3805 359 3850 et
372 3801 513 3852 obstinatus
531 3798 687 3851 ieoneolasta
704 3800 731 3848 in
743 3800 843 3864 scriptis
855 3800 909 3848 suis
922 3802 1070 3862 arroganter
1083 3796 1244 3860 declamavit,

172 3897 261 3933 omnes
271 3882 368 3937 Galliae
378 3891 402 3936 et
411 3885 562 3937 Germaniae
575 3883 663 3937 fideles
675 3882 834 3934 idololatriae
843 3898 1023 3948 vanarumque
1034 3883 1245 3948 superstitionum
