2768 4552
588 356 629 365 .-
673 321 798 380 55-

159 496 330 571 praecepit,
353 469 654 554 'commemoratione
685 490 840 567 passionis
872 492 939 551 eius
971 491 1122 562 adhibita,
1153 500 1226 550 eosa

161 598 282 672 corpori
312 597 466 655 dominico
496 593 744 654 communicasse
774 599 805 651 et
833 593 990 668 sanguini,
1022 611 1101 670 quos
1128 590 1225 653 ratiob

132 699 366 788 ¹permittebat.
425 698 623 758 Ρ16116161116ε
660 693 771 754 dehinc
810 694 959 768 religione
996 692 1053 754 eocl
1089 697 1224 771 amplius

160 808 252 860 aucta
278 807 352 861 sunt
381 819 399 860 a
429 799 707 860 christicultoribus
739 797 839 857 6111616
866 797 1041 870 missarum,
1073 807 1152 872 quoe
1174 799 1224 856 vel

160 918 221 979 pax
257 903 386 976 prestita
427 904 519 963 latius
559 902 709 962 terminos
756 900 939 975 propagavit
980 901 1132 959 ecclesiae
1175 901 1224 960 vel

160 1012 336 1065 sanctorum
365 1007 455 1081 copia
482 1022 543 1066 usu
571 1006 653 1062 facta
683 1008 731 1062 est
755 1003 994 1061 convalescente
1022 1004 1223 1077 frequentior.

161 1107 247 1181 Quod
272 1115 303 1167 et
333 1109 361 1166 in
393 1124 551 1168 sacrarum
581 1106 704 1166 aedium
730 1104 960 1164 constructione
983 1106 1034 1163 vel
1062 1103 1225 1167 ornatibus

159 1209 201 1269 ita
233 1212 418 1286 provenisse
447 1212 507 1270 iam
534 1209 681 1280 diximuS,
712 1223 773 1266 non
798 1207 882 1280 quod
906 1208 1002 1283 aliqui
1025 1210 1224 1284 sequentium

158 1314 308 1389 apostolis
332 1314 444 1372 luerint
466 1306 660 1371 scientia'vel
684 1309 887 1384 religiositate
905 1311 1048 1382 maiores,
1072 1313 1127 1371 sed
1151 1313 1225 1387 quia

157 1415 200 1472 illi
230 1417 363 1474 maxime
392 1415 543 1473 curabant
572 1413 612 1472 ab
640 1412 822 1471 infidelitate
845 1413 883 1471 ad
908 1412 1011 1484 tidem,
1044 1415 1223 1474 atenebris

157 1515 301 1577 homines
329 1518 367 1576 ad
396 1517 494 1575 lucem
524 1531 639 1575 vocare
668 1521 699 1574 et
726 1514 756 1572 in
777 1514 907 1575 veritate
930 1516 1059 1576 stabiles
1081 1517 1224 1590 reddere,

157 1619 227 1693 ipsa
248 1618 394 1677 facilitate
418 1619 574 1692 religionis
597 1618 706 1677 melius
731 1617 815 1693 quod
836 1616 983 1676 volebant
1002 1618 1131 1677 rudibus
1154 1635 1224 1695 per·

157 1721 292 1779 suadere
327 1727 507 1796 potuerunt;
539 1720 621 1779 unde
656 1722 759 1790 etiarn,
794 1719 874 1777 sicut
907 1719 1026 1794 legitur,
1061 1710 1225 1784 credentes

156 1817 275 1897 primof
298 1823 337 1882 de
360 1823 504 1898 gentibus
528 1821 675 1894 legalium
698 1822 835 1895 pondere
855 1821 1069 1881 mandatorum
1094 1823 1226 1900 deprimi

156 1924 350 1984 noluerunt&
395 1925 478 1984 ltlulti
504 1924 609 1998 itaque
632 1923 715 1998 apud
740 1923 876 1984 Graecos
905 1928 935 1982 et
958 1922 1084 1985 Latinos
1108 1926 1224 1988 missae

156 2027 306 2099 ordinem,
329 2032 364 2084 ut
387 2027 445 2086 sibi
468 2028 570 2084 visum
595 2031 652 2095 est,
676 2031 864 2098 statuerunt3
894 2032 924 2083 et
946 2027 1075 2087 Romani
1098 2029 1223 2105 quidem

156 2144 249 2186 usum
273 2129 523 2188 observationum
554 2128 687 2186 abeato
712 2128 812 2197 Petro,
843 2128 978 2202 principe
1001 2130 1224 2205 apostolorum,

156 2212 345 2306 accipientes
362 2233 427 2291 suis
444 2226 579 2306 quiqueh
600 2229 804 2303 temporibus,
828 2245 908 2305 quae
929 2246 1067 2303 congrua
1089 2232 1225 2291 iudicata

157 2339 239 2406 sunt,
271 2334 461 2393 addiderunt.
506 2333 642 2407 Quorum
672 2323 805 2390 moremi
835 2331 905 2390 ideo
937 2331 966 2390 in
1000 2334 1098 2393 sacris
1129 2334 1224 2395 rebus

155 2442 219 2493 tam
243 2437 359 2495 multae
383 2440 492 2512 gentes
513 2429 698 2505 imitanturk,
727 2433 801 2508 quia
827 2438 858 2492 et
886 2436 962 2493 tanti
992 2434 1161 2510 magisterii
1185 2452 1225 2496 ex

157 2539 243 2611 apice
275 2539 447 2613 apostolico
477 2536 650 2612 primordiis
678 2538 813 2595 clarent¹
847 2543 878 2595 et
906 2532 1001 2594 nullal
1033 2554 1088 2612 per
1118 2539 1222 2597 orbem

156 2640 290 2700 ecclesia
313 2645 465 2716 aequent
487 2655 616 2698 romana
640 2639 678 2697 ab
695 2637 777 2697 omni
800 2638 912 2697 faecem
935 2638 1091 2700 haerseon
1107 2642 1225 2701 cunctis

156 2751 239 2803 retro
273 2743 464 2816 temporibus
501 2757 582 2818 pura
619 2740 816 2815 permansit2
869 2742 1056 2803 Ambrosius
1089 2760 1224 2820 quoque,

226 2942 238 2968 Β
255 2943 288 3006 Μ,
308 2944 370 2994 6166.
389 2971 422 2978 -
441 2928 453 2967 b
471 2942 504 3005 M,
529 2942 615 2992 oratio.
634 2970 668 2978 -
686 2940 696 2965 ⁰
715 2940 748 3003 M,
770 2941 952 3004 proficiscente.
969 2972 1001 2980 —
1021 2929 1036 2970 ‘¹
1054 2959 1092 3004 oe,
1115 2931 1165 2994 orn.
1186 2960 1224 2994 eo.

156 3055 190 3064 -
209 3026 221 3052 θ
240 3027 302 3088 mlh,
327 3027 404 3092 quod.
423 3055 456 3064 -
474 3011 485 3052 f
502 3042 538 3087 oe,
557 3027 641 3090 primi.
660 3055 692 3064 -
711 3024 726 3066 3
744 3025 807 3087 mlh,
825 3026 969 3079 voluerunt.
987 3056 1021 3066 ·-
1039 3014 1052 3053 h
1071 3043 1092 3090 6,
1111 3043 1225 3093 quoque:

157 3111 174 3171 l,
192 3113 314 3178 quinque.
332 3142 363 3150 —
382 3099 390 3138 ἰ
409 3113 455 3175 M1,
474 3127 584 3162 morum.
603 3140 637 3148 —
653 3097 669 3137 ¹⁴
688 3110 731 3173 ml,
755 3112 887 3163 mirantur.
907 3141 938 3150 —
958 3098 965 3138 ¹
983 3112 1029 3174 Ml,
1047 3112 1172 3164 utnulla.
1191 3142 1225 3150 -

156 3195 294 3260 η’6,1616.
377 3232 379 3238 ·

157 3321 358 3330 ἣ-..ᾩ

229 3389 241 3422 1·
255 3386 302 3436 Η16
320 3385 381 3436 dicit
392 3385 552 3436 Walalridus
569 3385 620 3435 lere
638 3383 706 3434 idern
725 3397 754 3433 ac
772 3383 890 3434 irenaeus
908 3383 966 3433 adv.
980 3384 1054 3436 Haer.
1067 3384 1104 3447 lll,
1119 3386 1142 3436 3.
1155 3387 1178 3436 2.
1191 3414 1225 3421 -

159 3469 239 3520 ²lam
262 3486 329 3521 anno
353 3472 402 3524 680
429 3470 515 3520 scribit
537 3484 605 3534 papa
627 3469 731 3533 Agatho
754 3470 780 3518 in
805 3469 914 3534 epistula
937 3484 984 3519 666
1005 3469 1038 3518 ad
1061 3470 1226 3534 imperatores

155 3554 213 3604 data
231 3554 262 3605 de
280 3556 388 3607 ecclesia
406 3569 523 3605 romana:
546 3554 635 3614 „cuius
652 3552 839 3622 (redemptoris)
856 3555 986 3604 annitente
1003 3555 1138 3618 praesidio,
1162 3554 1225 3605 haec

155 3641 294 3703 apostolica
311 3641 485 3692 616666616616
502 3654 663 3704 nunquama
680 3641 724 3688 via
739 3640 852 3690 veritatis
871 3641 897 3688 in
915 3638 1028 3704 qualibet
1045 3641 1137 3690 erroris
1155 3646 1225 3704 parte

157 3724 256 3776 deflexa
268 3732 333 3786 est“;
352 3725 438 3776 etalio
455 3726 523 3777 loeo:
544 3740 624 3790 „quae
642 3740 687 3789 per
705 3725 751 3774 Dei
768 3725 948 3788 omnipotentis
966 3724 1075 3787 gratiam
1094 3739 1109 3774 a
1125 3727 1225 3775 tramite
1296 3753 1298 3758 ·

156 3810 309 3874 apostolicae
326 3810 467 3861 traditionis
489 3825 621 3876 nunquam
644 3825 741 3859 errasse
765 3809 912 3873 probabitur
934 3823 980 3859 nec
1000 3807 1133 3860 haereticis
1150 3812 1224 3860 novi·

155 3896 249 3947 tatibus
267 3896 405 3960 depravata
422 3895 564 3955 succubuit,
586 3894 631 3944 sed
649 3898 676 3944 ut
694 3893 725 3944 ab
744 3894 849 3944 exordio
867 3893 927 3944 fidei
945 3893 1097 3945 christianae
1115 3896 1226 3963 percepit
