2768 4552
550 326 780 389 -105-

131 499 203 559 fidei
237 499 384 559 radicitus
419 499 502 558 cordi
537 498 687 558 defixerit.
736 499 916 572 Tanguntur
953 507 985 556 et
1021 513 1129 568 nareS,
1166 503 1201 558 ut

132 603 282 679 quamdiu
304 601 445 678 spiritum
470 601 598 660 naribus
621 601 732 670 trahat,
756 601 786 658 in
810 600 872 659 fide
891 607 1021 676 accepta
1045 599 1199 674 perduret.

134 705 244 763 Pectus
260 719 383 779 quoque
401 703 573 777 eodemque
597 703 798 778 perunguitur
822 704 900 777 oleo,
924 708 959 762 ut
981 702 1070 776 signo
1093 708 1200 762 sancte

133 807 232 867 crucis
257 805 380 866 diabolo
401 806 566 864 claudatur
590 806 761 879 ingressus.
807 805 976 879 signantur
991 811 1022 864 et
1044 808 1201 880 scapulae,

134 916 166 966 ut
188 909 322 984 undique
348 908 515 982 muniatur3
539 907 611 966 item
635 907 666 966 in
689 908 824 982 pectoris
849 913 880 966 et
902 908 1031 982 scapule
1055 909 1201 968 unctione
1285 925 1293 935 ⁸

134 1011 275 1084 signatur
304 1009 375 1070 fidei
398 998 527 1070 firmitas
551 1016 582 1069 et
604 1026 732 1085 operum
755 1009 818 1085 (iol.
841 1010 894 1085 84)
916 1010 1068 1069 bonorum
1093 1026 1202 1085 perse-

74 1150 76 1154 ·
133 1113 282 1172 vorantia.
327 1112 364 1172 Et
387 1112 432 1172 sic
454 1113 637 1173 innomine
668 1119 795 1172 sanctae
817 1112 961 1170 trinitatis
987 1112 1085 1171 trina
1113 1113 1200 1172 sub-

134 1217 317 1275 mersione
346 1215 533 1290 baptizatur;
566 1221 597 1274 et
625 1221 710 1274 recte
741 1212 850 1284 hom0,
882 1214 933 1288 qui
964 1215 1003 1273 ad
1034 1214 1201 1290 imaginem

134 1324 260 1376 sanctae
292 1316 437 1376 trinitatis
472 1323 596 1378 creatus
631 1322 691 1389 est,
727 1331 782 1392 per
813 1315 1040 1375 invocationem
1075 1322 1202 1377 sanctae

134 1418 276 1478 trinitatis
311 1419 351 1478 ad
389 1420 520 1479 eandem
558 1424 728 1478 renovatur
765 1417 929 1492 imaginem
968 1424 999 1477 et
1031 1419 1083 1493 qui
1112 1419 1201 1479 tertio

135 1523 233 1596 gradu
261 1521 390 1598 peccati,
424 1523 455 1582 id
484 1528 533 1582 est
562 1522 719 1591 suasione,
753 1520 958 1580 delectatione
987 1525 1018 1579 et
1046 1536 1223 1609 consensu,

136 1624 245 1684 cecidit
275 1623 305 1682 in
336 1629 478 1698 mortem,
515 1625 604 1684 tertio
633 1625 774 1682 elevatus
805 1622 844 1681 de
874 1624 956 1682 l'onte
988 1640 1042 1699 per
1071 1625 1202 1698 gratiam

133 1733 278 1800 resurgat
293 1726 334 1785 ad
357 1727 460 1786 vitam.
500 1727 587 1786 Tunc
607 1727 687 1785 albis
711 1725 846 1784 induitur
861 1725 1056 1786 vestimentis
1080 1732 1204 1801 propter

134 1828 282 1902 gaudium
314 1829 560 1902 regenerationis
597 1830 638 1888 ad
677 1829 850 1887 castitatem
885 1829 968 1887 vitae
1006 1835 1037 1887 et
1074 1829 1204 1904 angelici

134 1924 310 2004 splendoris
328 1929 482 1990 docorem.
520 1931 608 1990 Tunc
631 1946 719 2004 sacro
742 1929 910 1989 chrismate
926 1937 1019 2005 caput
1034 1932 1203 2006 perungui-

133 2037 183 2089 tur
206 2037 237 2089 et
258 2030 390 2105 mystico
412 2031 527 2106 tegitur
549 2030 717 2101 velamine,
747 2036 780 2089 ut
801 2031 975 2106 intellegat,
1000 2047 1034 2090 se
1059 2032 1203 2092 diadema

134 2132 221 2208 regni
258 2139 288 2192 et
324 2132 490 2193 sacerdotii
521 2134 702 2207 dignitatem
735 2137 860 2210 portare
894 2134 981 2193 iuxta
1013 2134 1203 2208 apostolum:

135 2250 186 2295 cos
198 2237 268 2296 estis
282 2251 380 2308 genos
395 2239 504 2309 regale
520 2241 551 2294 et
564 2236 773 2311 sacerdotale,
792 2233 959 2295 offerentes
975 2241 1100 2294 vosmet
1115 2235 1203 2309 ipsos

136 2337 193 2396 deo
216 2337 289 2396 vivo
313 2339 444 2397 hostium
460 2345 600 2397 sonoram
624 2344 653 2396 et
675 2338 732 2397 deo
751 2339 955 2411 placentem.²
999 2337 1052 2399 Sic
1074 2336 1203 2412 corpore

136 2447 166 2498 et
188 2439 341 2513 sanguine
365 2439 479 2498 domini
503 2439 713 2512 confirmatur,
741 2444 776 2498 ut
803 2439 888 2498 illius
913 2440 951 2500 sit
974 2439 1083 2515 capitis
1106 2455 1203 2498 mern-

135 2540 236 2614 brum,
267 2541 319 2617 qui
350 2558 405 2619 pro
429 2542 518 2602 nobis
541 2558 657 2618 passus
680 2546 730 2601 est
753 2549 784 2599 et
805 2542 981 2601 resurrexit.
1028 2541 1203 2601 Novissime

137 2659 191 2717 per
218 2643 445 2717 impositionem
478 2659 590 2703 manus
618 2660 637 2702 a
668 2659 789 2704 summo
824 2644 994 2722 sacerdote
1016 2642 1204 2718 septiformis

137 2746 252 2818 gratiae
275 2745 416 2821 spiritum
440 2729 561 2822 accipit,
584 2752 618 2805 ut
640 2742 803 2804 roboretur
825 2746 1037 2821 perspiritum
1061 2751 1204 2805 sanctum
1305 2823 1309 2834 ,

137 2847 176 2906 ad
200 2849 444 2923 praedicandum
461 2849 540 2923 aliis,
563 2849 615 2922 qui
640 2848 695 2906 luit
718 2848 870 2921 baptismo
895 2847 1100 2924 pergratiam
1122 2847 1204 2905 vitae

138 2949 269 3008 donatus
294 2957 449 3010 aeternae.

209 3187 217 3220 ¹
235 3183 245 3231 l
262 3183 325 3234 Petr.
345 3182 374 3244 ll,
392 3184 417 3235 9.
434 3213 468 3221 -
490 3187 500 3221 ²
518 3185 604 3235 Roem.
623 3184 675 3248 llll,
696 3188 717 3238 l.
