2768 4552
584 355 794 414 -61-

156 528 260 594 linm¹;
281 525 471 600 quodetiam
488 524 662 584 Damasusa
678 542 761 601 papa
777 525 816 584 ad
833 525 1043 585 Hieronimum
1061 524 1225 585 scribens2

155 644 236 703 pene
260 627 378 687 eisdem
395 627 501 687 verbis
522 627 663 687 ostendit.
707 627 745 685 Et
768 629 899 687 tortasse
923 627 951 685 in
978 624 1104 703 primisb
1127 626 1224 686 soiius

155 728 242 788 Pauli
265 729 414 789 lectiones
438 744 475 789 eo
500 730 573 790 tocic
596 728 788 802 legebantur,
815 735 928 803 postea
950 736 1054 789 autem
1079 729 1223 790 omnibus

154 831 248 890 latius
284 831 493 904 augmentatis
524 831 602 889 aliae
640 831 787 889 tentiones
817 846 878 889 non
910 836 1029 889 tantum
1062 831 1101 890 de
1132 847 1223 903 nove,

154 933 374 992 verumetiam
392 935 430 993 de
445 934 553 1002 veteri,
577 938 668 1008 prout
686 932 834 991 festorum
853 933 933 992 ratio
949 933 1109 1006 poscebat,
1133 932 1226 992 inter-

156 1035 270 1093 mixtae
294 1041 367 1094 sunt
389 1041 583 1095 testamento.

221 1137 284 1196 Nee
308 1137 418 1197 mirum
440 1138 539 1197 videri
561 1136 662 1207 debet,
685 1135 768 1209 quod
793 1133 939 1210 paulatim
958 1140 1048 1194 aucta
1063 1142 1227 1194 narrantur

157 1238 266 1312 officia,
297 1240 369 1298 dum
399 1238 502 1298 adhuc
531 1239 629 1297 multa
656 1237 684 1295 in
716 1237 812 1295 rebus
835 1235 1022 1296 necessariis
1046 1237 1225 1310 defuissent,

157 1357 226 1400 cum
249 1342 413 1404 videamus
437 1356 538 1415 usque
564 1338 657 1398 hodie
681 1347 711 1398 et
734 1333 953 1398 collectionesl
976 1344 1006 1397 et
1029 1341 1173 1399 collectas
1197 1347 1227 1398 et

156 1444 302 1503 diversas
330 1443 456 1502 laudum
485 1442 607 1517 speeies
640 1442 701 1501 iam
728 1456 808 1517 pene
831 1439 1059 1503 abundantibus
1082 1443 1226 1502 omnibus

157 1546 336 1620 superaddi,
358 1550 440 1604 utet
463 1545 493 1603 in
517 1544 576 1606 hoc
599 1545 673 1604 illud
697 1541 911 1619 propheticum
926 1543 1070 1602 videatur
1092 1545 1226 1619 impleri:

150 1649 393 1722 pertransibunt
423 1649 556 1723 plurimi
593 1653 623 1705 et
657 1647 821 1720 pantapten
859 1646 920 1703 erit
954 1648 1111 1707 retentat
1164 1647 1226 1707 Sed

156 1749 327 1808 videndum
353 1754 410 1819 est,
434 1749 513 1808 siout
536 1747 646 1806 beatus
662 1747 856 1820 Augustinus
874 1747 924 1816 ait,
947 1754 980 1805 ut
1003 1762 1040 1807 ea
1057 1754 1227 1823 cantentur,

158 1866 239 1925 quae
263 1851 305 1911 ita
328 1852 443 1925 scripta
459 1855 540 1921 sont,
565 1863 645 1923 quae
661 1852 765 1906 autem
790 1865 849 1906 non
875 1851 917 1907 ita
933 1849 1048 1922 scripta
1064 1859 1144 1923 sunt,
1167 1869 1227 1911 non

159 1959 343 2012 cantentur.e
387 1952 596 2026 Responsort'o
612 1956 643 2008 et
658 1952 806 2025 Alleluia,
831 1965 912 2026 quae
935 1956 1007 2009 ante
1031 1955 1227 2028 evangelium

158 2057 331 2123 cantantur,
345 2052 455 2111 deinde
472 2051 617 2110 adiuncta
632 2052 785 2124 videntur,
803 2058 968 2127 postquam
987 2053 1176 2129 antiphonae
1189 2056 1227 2114 ad

158 2147 1228 2230 ingressumdieieoeperuntf‚quaeetvidenturprohibitaoanonibus

159 2255 377 2331 Hispanorum,
400 2256 450 2332 qui
468 2256 562 2328 longo
577 2261 648 2328 post
664 2261 801 2331 tempore
819 2264 890 2315 sunt
913 2257 1079 2315 constituti.
1114 2261 1144 2316 In
1170 2259 1228 2319 illis

159 2359 242 2417 enim
260 2358 390 2435 iubetur,
408 2375 446 2417 ne
461 2357 573 2431 aliquis
585 2374 700 2431 ymnus
713 2358 792 2416 inter
803 2359 965 2418 lectionem
980 2360 1187 2434 apostoticam
1200 2366 1231 2419 et

159 2462 357 2534 evangelium
380 2461 410 2519 in
433 2459 542 2519 ordine
568 2460 681 2518 missae
709 2466 857 2534 ponatur3
888 2478 928 2520 ex
951 2478 1012 2535 quo
1037 2463 1233 2537 intellegitur,

159 2563 213 2623 ide
236 2562 357 2638 aliquos
375 2567 551 2638 temptasse
567 2566 642 2619 tune
663 2562 820 2636 temporis,
844 2565 899 2623 sed
924 2570 1048 2638 propter
1063 2565 1233 2625 novitatem

162 2663 205 2722 rei
231 2663 368 2723 studium
393 2680 501 2723 eorum
526 2663 664 2722 nondum
691 2663 788 2723 fuisse
811 2681 830 2724 a
854 2667 1042 2747 quibusdam
1065 2674 1233 2742 receptum,

162 2766 246 2841 quod
273 2771 376 2824 tamen
405 2771 516 2839 postea
544 2779 604 2823 usu
629 2782 757 2826 romano
781 2770 1031 2828 commendatum
1061 2771 1100 2828 ad
1124 2785 1233 2829 omnes

161 2866 339 2926 Latinorum
379 2869 518 2942 pervenit
555 2867 715 2927 eeclesias.
776 2870 950 2944 Symbolum
994 2886 1121 2946 quoque
1162 2870 1234 2929 iidei

164 2968 336 3028 catholicae
365 2975 450 3028 recte
474 2971 502 3027 in
533 2970 699 3030 missarum
729 2973 887 3030 solemniis
919 2969 1010 3047 posth
1040 2973 1231 3047 evangelium

164 3078 355 3142 recensetur,
380 3079 413 3130 ut
437 3088 492 3147 per
515 3078 657 3132 sanetum
679 3074 874 3148 evangelium
900 3075 996 3133 corde
1020 3077 1171 3134 credatur
1194 3077 1237 3134 rid

164 3175 320 3248 iustitium,
345 3191 400 3250 per
424 3175 601 3249 symbolum
628 3179 729 3233 autem
754 3192 809 3234 ore
832 3172 982 3253 confessio
1002 3179 1061 3248 sint
1083 3171 1128 3234 ini
1149 3179 1235 3234 sulu-

229 3340 242 3366 ³
260 3357 301 3400 oe,
325 3348 427 3392 sanetus
446 3342 518 3417 Dam.
537 3369 570 3378 -
591 3330 602 3368 Ι)
621 3341 659 3404 M,
684 3342 810 3406 inprimis.
829 3372 862 3379 —
881 3342 891 3369 ⁰
910 3359 952 3403 oe,
974 3342 1037 3392 loco.
1057 3371 1088 3379 -
1108 3328 1122 3368 ‘¹
1141 3341 1192 3405 M¹‚
1211 3347 1235 3392 et

160 3423 224 3488 mih,
243 3426 372 3477 lectiones.
397 3456 428 3462 —
453 3425 465 3452 ⁸
485 3425 548 3488 mlh,
567 3431 594 3476 ut
612 3442 641 3477 ea
660 3432 802 3490 cantentur,
828 3444 892 3494 quae
917 3429 1010 3492 scripta
1032 3433 1102 3489 sunt,
1125 3433 1152 3477 ut
1174 3443 1234 3478 can-

158 3513 252 3561 tentur.
272 3539 303 3548 —
322 3496 334 3536 f
350 3528 389 3573 oe,
402 3512 570 3576 exspirarunt,
589 3511 650 3562 dum
669 3511 702 3574 M,
722 3527 824 3577 quoque
842 3513 901 3564 exh.
914 3517 1064 3580 coeperunt.
1077 3542 1107 3549 -
1122 3511 1138 3552 g
1156 3512 1187 3574 M,
1203 3517 1234 3563 et.

161 3622 194 3630 —
213 3579 225 3618 ¹³
247 3593 292 3655 lm,
312 3612 363 3646 om.
382 3601 447 3661 post.
465 3626 498 3633 —
518 3583 526 3622 i
545 3613 582 3659 oe,
601 3596 646 3663 ad3
666 3596 756 3649 tt1fit.

234 3747 311 3800 ¹Csr.
330 3764 406 3813 supra
424 3765 448 3813 p.
469 3751 500 3800 56
525 3756 574 3799 not.
595 3752 617 3801 2.
636 3779 668 3786 -
689 3750 845 3815 ²Epistolae
866 3751 967 3799 Danrasi
989 3765 1070 3815 papae
1094 3748 1126 3800 ad
1144 3750 1234 3802 Hiero·

162 3847 274 3900 nymum
298 3835 405 3898 scriptae
427 3834 478 3883 sere
497 3849 586 3884 omnes
604 3835 767 3902 apocryphae
790 3841 855 3886 sunt.
891 3834 941 3886 cn.
959 3834 1037 3898 Jaffe,
1058 3836 1168 3900 Regesta
1185 3836 1234 3887 ΡΡ.

162 3917 215 3970 RR.
235 3921 258 3970 2.
277 3919 317 3970 ed.
336 3934 361 3983 p.
380 3920 424 3979 29;
444 3924 468 3968 et
486 3919 550 3968 inira
568 3935 626 3984 pag.
646 3921 677 3970 70
697 3926 748 3971 not.
767 3923 791 3972 3.
811 3951 841 3959 -
863 3925 873 3958 3
891 3919 955 3971 Dan.
974 3920 1030 3981 XII,
1048 3924 1072 3973 4.
